3609 5509
712 366 930 428 ..47-

171 546 247 610 dum
278 545 365 608 inter
397 567 430 608 se
463 544 546 606 rami
578 543 761 627 stirpesque
794 540 965 607 teruntur'.
1012 538 1147 604 ‘Modo'z
1178 538 1269 604 anc.
1293 561 1321 603 v.
1348 539 1408 603 109
1433 537 1471 600 R.

106 698 109 702 -
172 651 281 716 ‘Modo
300 653 339 716 fit
358 652 538 734 obsequens
558 649 680 714 hilarus
701 649 802 713 comis
817 648 1006 714 Communis
1031 647 1207 731 concordis,
1230 647 1307 710 dum
1329 646 1363 709 id
1387 646 1472 728 quod

172 759 256 843 petit
278 756 426 843 potitur'.

261 971 435 1037 Nonnullis
467 971 503 1036 in
534 971 615 1036 locis
645 976 779 1055 propter
811 970 1073 1035 enuntiationum
1100 970 1187 1035 inter
1217 992 1251 1034 se
1281 970 1473 1034 relationem

173 1081 222 1147 vis
254 1080 433 1164 particulae
466 1079 635 1143 causalis
664 1078 813 1144 efficitur.
860 1077 931 1153 Qua
961 1078 999 1142 de
1027 1101 1061 1142 re
1092 1077 1127 1141 in
1158 1076 1343 1142 universum
1377 1099 1475 1161 supra

173 1186 248 1269 (sub
271 1184 325 1271 Α.)
350 1187 424 1251 dixi.

262 1403 422 1486 Exempla
446 1407 533 1467 sunt:
557 1400 881 1467 ΡΙ111.,Ρ111(1.685
904 1397 1015 1465 ‘Certa
1038 1399 1229 1483 amittimus,
1252 1401 1329 1464 dum
1352 1400 1475 1463 incerta

175 1509 342 1595 petimus’3
370 1510 457 1573 Trin.
481 1510 546 1574 255
570 1509 638 1573 ‘Fit
661 1508 747 1591 ipse,
779 1508 856 1571 dum
883 1507 949 1570 illis
981 1507 1082 1571 comis
1106 1511 1172 1591 est,
1202 1507 1300 1590 Inops
1325 1504 1462 1570 amator'
1469 1531 1477 1590 3

177 1617 396 1702 [11111659
422 1616 545 1680 ‘Ardua
568 1618 644 1680 dum
664 1619 823 1699 metuunt,
847 1613 1004 1692 amittunt
1027 1636 1103 1677 vera
1126 1614 1204 1697 viai3
1227 1612 1287 1696 ΙΙΙ,
1307 1614 1348 1677 68
1374 1612 1478 1676 ‘Unde

176 1725 324 1789 homines
343 1724 419 1787 dum
440 1745 473 1787 se
492 1723 576 1787 falso
596 1728 720 1787 terrore
744 1721 848 1786 coacti
863 1720 1027 1805 Effugisse
1051 1720 1165 1784 volunt
1188 1721 1293 1805 longe,
1316 1720 1477 1805 longeque

177 1853 333 1916 ramosae,
357 1829 521 1915 Sanguine
545 1830 633 1894 civili
657 1852 727 1893 rem
750 1825 913 1892 conflant'.

268 2045 374 2111 Semel
407 2023 626 2110 coniunctioni
656 2045 830 2128 respondet
861 2042 1048 2106 adverbium
1077 2040 1242 2126 ‘saepius':
1272 2041 1366 2106 Varr.
1396 2040 1480 2105 Men.

179 2153 311 2238 Agatho
336 2149 451 2239 VHp)
475 2152 576 2217 Buch.
600 2151 645 2216 ‘et
667 2151 760 2236 pueri
782 2150 816 2213 in
840 2149 972 2213 aedibus
1002 2150 1129 2234 saepius
1152 2149 1288 2235 pedibus
1312 2147 1481 2230 1111111111,

179 2261 255 2325 dum
278 2264 422 2324 recentes
446 2264 590 2324 musteos
614 2259 648 2322 in
672 2257 818 2323 carnario
842 2257 970 2321 fluitare
994 2257 1196 2341 suspiciunt'.

267 2473 330 2538 Hic
353 2496 440 2556 usus,
464 2473 555 2537 cuius
580 2474 728 2556 exempla
750 2473 934 2558 Draegerus
959 2471 1060 2558 (Hist.
1081 2469 1174 2555 Synt.
1197 2471 1225 2535 d.
1249 2470 1320 2534 Lat.
1345 2469 1415 2553 Spr.
1439 2469 1483 2553 ΙΙ,

179 2606 210 2667 p.
233 2579 312 2667 518)
338 2581 517 2664 compluria
540 2580 665 2663 laudat,
695 2580 931 2663 posterioribus
955 2578 1158 2663 temporibus
1182 2577 1312 2641 omnino
1336 2577 1483 2660 frequen·

181 2689 247 2752 tior
269 2689 321 2772 fit,
349 2688 532 2771 sensimque
561 2709 706 2751 crescens
735 2686 800 2750 tale
828 2686 966 2769 denique
990 2686 1173 2768 exemplum
1195 2685 1344 2767 praebet:
1368 2683 1483 2747 lustin.

182 2794 274 2878 XXI,
298 2796 332 2878 5,
358 2798 394 2858 ll
427 2793 527 2858 ‘luter
549 2794 609 2858 has
632 2799 742 2859 tamen
772 2793 1069 2858 dissimulationum
1093 2797 1179 2856 artes
1203 2792 1409 2855 insimulatus
1433 2796 1484 2855 est

182 2900 362 2965 adfectatae
382 2901 567 2986 tyrranidiS‚
590 2923 648 2965 nec
668 2900 763 2964 aliter
783 2924 880 2984 quam
899 2901 975 2964 dum
994 2900 1222 2977 contemnitur,
1245 2899 1402 2963 liberatus
1422 2897 1483 2961 est’

181 3007 273 3093 (und
296 3031 358 3072 nur
376 3009 449 3072 weil
474 3031 550 3073 man
572 3008 630 3072 ihn
653 3007 900 3095 missachtete').

272 3363 374 3428 Porro
399 3364 471 3428 aliis
494 3365 575 3429 locis
595 3370 727 3449 propter
751 3367 885 3430 eandem
905 3389 941 3431 ac
961 3367 1056 3431 modo
1080 3365 1146 3429 dixi
1170 3388 1301 3429 causam
1325 3363 1486 3427 sententia

186 3471 326 3536 efficitur
350 3493 430 3557 quae
455 3472 495 3535 ad
518 3494 648 3536 sensum
672 3472 905 3559 1111111111)
930 3473 1061 3538 accedit.

275 3685 320 3749 Hi
347 3690 435 3750 sunt:
473 3685 581 3749 Plaut.
605 3684 697 3751 Cure.
723 3688 787 3751 170
816 3687 923 3771 ‘Ipsus
954 3709 987 3750 se
1012 3688 1175 3752 excruciat
1199 3688 1254 3771 qui
1276 3686 1375 3752 homo
1400 3689 1486 3772 quod

185 3796 275 3857 11111
298 3792 385 3856 videt
407 3815 467 3856 nec
489 3792 624 3875 potitur,
648 3792 724 3856 dum
747 3794 850 3879 licet'3
873 3794 967 3859 Lucr.
991 3794 1058 3878 ΙΙΙ,
1081 3794 1146 3858 598
1170 3791 1389 3875 ‘Quinetiam
1413 3795 1487 3858 finis

170 3901 263 3969 ,dum
286 3900 371 3963 vitae
390 3899 530 3963 vertitur
547 3899 644 3983 intra,
669 3897 771 3984 Saepe
795 3901 905 3985 aliqua
928 3905 1038 3966 tamen
1061 3923 1199 3980 ecausa
1221 3901 1382 3966 labefacta
1404 3902 1488 3966 vide-

186 4011 240 4071 tur
258 4005 310 4070 Ire
330 4003 448 4069 anima'
471 4042 507 4051 -
529 4006 708 4069 notandum
732 4011 781 4071 est
805 4007 950 4091 alioquin
973 4009 1161 4074 adverbium
1184 4008 1317 4073 ‘tamen'
1341 4010 1488 4074 coniunc-

187 4113 270 4178 tioni
293 4112 490 4196 respondens
515 4151 565 4177 -.
762 4089 766 4112 ’

188 4311 400 4319 -.-----

280 4381 306 4446 1)
327 4375 389 4430 ‘Die
408 4373 655 4446 (ileiohzeitigkeit
674 4377 723 4431 der
741 4377 930 4448 Handlungen
954 4378 1084 4434 sohliesst
1102 4380 1198 4448 haufig
1226 4378 1287 4434 eine
1311 4378 1488 4433 adversative

188 4466 349 4535 Beziehung
375 4465 406 4518 in
434 4465 502 4533 sich,
531 4467 635 4520 welche
656 4468 710 4520 den
728 4466 873 4522 Partikeln
892 4469 941 4522 des
960 4469 1150 4523 Nebensatzes
1169 4486 1206 4521 11
1225 4469 1284 4522 sich
1303 4469 1402 4537 fremd,
1422 4469 1489 4522 aber

190 4555 241 4608 auf
257 4555 351 4609 solche
369 4555 421 4608 Art
440 4554 492 4608 auf
508 4553 547 4608 sie
566 4555 737 4624 fibertragen
755 4556 801 4625 ist,
821 4558 886 4611 dass
906 4558 946 4612 sie
966 4558 1054 4612 selbst
1072 4558 1118 4611 bei
1136 4559 1186 4612 der
1200 4558 1490 4626 Gegentiberstellung

190 4644 439 4714 ungleichzeitiger
457 4645 645 4714 Handlungen
663 4646 820 4715 gebrauoht
837 4647 949 4701 werden
967 4648 1087 4701 konncn'
1110 4647 1254 4717 (Mttzner,
1273 4648 1353 4716 Engl.
1369 4648 1461 4703 Gram.
1480 4648 1490 4679 2

188 4735 222 4805 ΙΙ,
242 4741 267 4804 2,
285 4753 312 4805 p.
332 4739 403 4805 462).
441 4736 478 4788 Et
497 4753 562 4788 usus
584 4735 749 4789 ‘wahrend'
775 4735 979 4790 coniunctionis
999 4736 1174 4791 concessivus
1193 4736 1240 4790 hic
1257 4735 1368 4790 laudari
1386 4740 1488 4807 potest.
