3609 5509
882 339 1096 401 ..72-

343 517 437 584 Truc.
452 518 518 582 440
533 515 640 582 ‘Sensi
654 517 816 581 infidelem
831 539 1007 600 nunquam,
1021 516 1097 580 dum
1111 516 1209 601 vivat,
1222 516 1303 581 fore'
1324 554 1364 563 -
1380 517 1497 583 ‘Sensi'
1513 517 1647 582 Schoel·

342 626 421 710 lius,
444 624 490 689 ‘se
510 623 602 689 mihi'
622 624 725 709 codd,
748 624 827 689 ‘scio
842 623 899 689 mi'
914 623 1128 707 Biichelerus3
1150 622 1238 688 ‘dum
1251 624 1351 689 vivat'
1374 623 1449 709 LZ,
1472 622 1523 689 ‘ne
1546 623 1647 688 vivat'

342 731 460 798 BOD:
484 732 658 816 respondet
682 731 900 797 coniunctioni
925 730 1114 796 adverbium
1137 729 1324 815 ‘nunquam’
1352 767 1400 796 -.

433 926 540 992 Semel
572 928 736 993 invenitur
768 927 992 993 conjunctivus
1025 926 1207 1011 imperfecti
1238 951 1296 1012 per
1327 928 1563 993 attractionem
1592 950 1649 1011 pro
1713 946 1716 956 ·

343 1035 519 1100 indicativo
542 1034 659 1100 futuri:
682 1035 789 1099 Plaut.
803 1034 897 1119 Epid.
913 1036 975 1100 501
1002 1034 1181 1101 ‘Conducta
1199 1035 1272 1102 veni
1291 1040 1328 1100 ut
1346 1035 1464 1100 fidibus
1480 1038 1650 1099 cantarem

344 1143 427 1229 seni,
449 1142 536 1207 Dum
559 1166 628 1208 rem
651 1143 793 1208 divinam
817 1142 957 1208 faceret'.

435 1338 541 1404 Semel
564 1362 622 1424 per
646 1340 826 1407 orationem
851 1340 1031 1425 obliquam:
1055 1340 1132 1406 ibid.
1151 1341 1216 1405 316
1240 1339 1345 1404 ‘mane
1365 1362 1415 1404 me
1434 1339 1532 1403 iussit
1553 1361 1654 1402 senex

345 1445 530 1512 Conducere
559 1447 702 1531 aliquam
729 1446 906 1532 fidicinam,
937 1471 1018 1532 quae
1046 1448 1142 1512 hodie
1172 1447 1273 1530 domi,
1300 1446 1387 1511 Dum
1411 1469 1479 1511 rem
1502 1446 1651 1510 divinam

345 1553 475 1638 faceret,
490 1558 636 1619 cantaret
650 1553 724 1618 sibi'
745 1592 785 1601 -
806 1553 899 1639 ‘quae
914 1555 1010 1619 hodie
1025 1553 1124 1619 domi'
1140 1552 1308 1636 Goetzius,
1327 1552 1403 1616 ‘sibi
1417 1552 1480 1617 huc
1496 1549 1603 1638 (hunc
1617 1548 1651 1636 J)

345 1658 487 1728 domurn’
515 1660 605 1744 libri,
645 1659 762 1725 ‘hodie’
800 1661 834 1724 in
858 1660 943 1725 ‘huo’
973 1665 1126 1746 corrupto
1150 1665 1184 1725 et
1207 1658 1293 1724 ‘sibi’
1318 1682 1357 1724 ex
1379 1682 1474 1724 versu
1497 1659 1651 1744 sequenti

344 1769 471 1830 intruso
495 1802 545 1829 -.

978 2036 1008 2099 b.

626 2192 805 2248 coincidunt
823 2192 941 2247 tanturn
960 2192 1200 2248 enuntiationum
1218 2195 1366 2263 tempore.

434 2369 593 2459 Exenipla
626 2380 714 2438 sunt:
746 2373 853 2438 Plaut.
872 2373 940 2437 Mil.
961 2375 1024 2438 997
1059 2373 1137 2437 ‘Eos
1164 2397 1250 2439 nunc
1277 2352 1426 2438 homines
1454 2380 1583 2458 metuo,
1612 2397 1650 2438 ne

347 2481 458 2546 obsint
486 2482 566 2545 mihi
593 2505 672 2546 neve
702 2483 833 2545 obstent
860 2481 1002 2565 uspiam,
1032 2479 1138 2546 Domo
1166 2481 1284 2545 silenta
1307 2481 1383 2545 dum
1406 2482 1469 2546 huc
1492 2481 1650 2545 transibit

347 2611 429 2672 quae
452 2589 549 2652 huius
573 2589 705 2673 cupiens
725 2586 898 2671 corporist'
922 2624 958 2632 —
982 2586 1088 2652 ‘domo
1108 2586 1236 2652 silenta'
1252 2587 1465 2671 Ribbeckius3
1488 2585 1650 2652 ξ110111001-

346 2694 447 2759 bitac'
470 2694 553 2780 BD,
576 2694 712 2760 ‘Domus
726 2694 789 2759 ibit
803 2693 851 2758 ac'
876 2694 915 2778 O,
939 2693 1057 2759 ‘Domo
1081 2696 1109 2758 si
1132 2694 1195 2758 ibit
1213 2717 1250 2759 ae
1268 2692 1335 2758 FZ.
1372 2694 1413 2758 In
1430 2693 1461 2758 A
1478 2694 1526 2758 nil
1541 2696 1650 2758 exstat

346 2806 476 2885 praeter
499 2799 553 2865 ‘D’
575 2802 721 2866 litteram
744 2828 800 2886 -3
822 2800 916 2867 True.
936 2802 999 2866 737
1024 2800 1111 2865 ‘dum
1135 2806 1172 2865 tu
1192 2803 1453 2885 conmentabere,
1486 2799 1571 2865 Volt
1593 2800 1648 2863 illa

249 2953 253 2962 ·
347 2909 461 2974 itidem
485 2908 707 2975 conmentari'.

436 3104 547 3189 Latet,
570 3110 607 3169 ut
630 3106 770 3190 videtur,
792 3105 841 3169 vis
865 3107 1083 3171 condicionalis
1105 3105 1271 3171 hocloco:
1295 3104 1377 3170 Nov.
1397 3128 1425 3169 v.
1446 3105 1535 3170 7511.
1561 3106 1646 3169 ‘dum

348 3212 430 3277 istos
458 3212 613 3276 invitabis
642 3211 886 3298 suffragatores,
913 3217 1020 3296 pater,
1047 3212 1142 3276 Prius
1170 3213 1204 3278 in
1228 3213 1343 3298 capulo
1367 3235 1464 3297 quam
1486 3213 1521 3277 in
1546 3211 1647 3279 curuli

349 3319 429 3382 sella
452 3318 627 3402 suspendes
650 3316 757 3382 natis'.
781 3391 783 3396 ,

438 3512 544 3579 Semel
568 3517 674 3579 exstat
698 3514 922 3580 coniunctivus
941 3515 1123 3600 imperfecti
1136 3539 1194 3601 per
1209 3517 1389 3581 orationem
1404 3517 1571 3600 obliquam
1589 3536 1643 3600 pro

349 3622 524 3687 indicativo
548 3621 663 3686 futuri:
687 3619 839 3707 Quadrig.
858 3621 920 3706 frg.
940 3622 981 3685 43
1002 3620 1136 3709 (Peter.)
1161 3622 1258 3687 ‘Dum
1281 3624 1292 3688 i
1312 3624 1570 3708 conciderentur,
1592 3622 1644 3685 ho·

349 3729 450 3793 stium
473 3729 582 3812 copias
605 3729 652 3793 ibi
676 3732 850 3813 occupatas
874 3726 1041 3792 futurum'.

986 4053 1013 4096 C.

425 4190 590 4246 Constituit
607 4189 777 4245 enuntiatio
796 4190 956 4246 subiuncta
974 4189 1191 4246 enuntiationis
1209 4190 1373 4259 primariae
1392 4191 1565 4247 terminum.

437 4389 516 4453 Tres
541 4392 671 4453 exstant
694 4390 852 4474 exempla:
877 4388 946 4454 Cat.
969 4389 1018 4454 De
1039 4412 1104 4475 agr.
1129 4391 1204 4455 cult.
1229 4389 1380 4455 LXXXX
1406 4391 1493 4456 ‘oleo
1517 4388 1637 4476 tangito

350 4495 554 4580 depsitoque,
577 4496 653 4558 dum
676 4495 799 4579 poterit
820 4496 926 4562 facere
950 4494 1128 4561 tunmdas'.

439 4689 678 4758 Oorroboratur
701 4689 800 4756 ‘dum'
824 4691 875 4755 his
895 4692 1065 4757 adverbiis.
