3609 5509
750 400 965 466 ..85-

209 583 293 645 runt.
340 578 478 644 Videtur
502 580 587 644 enirn
613 579 711 645 ‘dum'
736 603 809 645 cum
832 581 1008 645 indicativo
1032 582 1212 665 praesentis
1236 605 1345 648 amore
1369 585 1508 668 quodam

207 686 413 751 coniunctum
441 708 541 770 paene
570 708 673 753 omnes
700 688 856 772 temporis
885 688 1029 752 rationes
1057 688 1105 752 ita
1134 690 1311 773 exprimere
1336 692 1414 756 olim
1438 687 1513 756 esse'

207 797 373 879 conatum,
402 797 435 857 et
461 794 523 859 hoo
551 794 717 878 inceptum
746 789 840 858 suum
864 792 1114 878 ‘antiquissimis
1138 795 1351 880 temporibus'
1375 820 1409 862 re
1433 820 1509 862 vera

206 900 379 986 peregisse.
426 899 509 965 Sane
538 905 657 985 exstat,
685 905 718 965 et
741 905 819 965 tuno
843 922 971 985 quoque
995 901 1159 984 exstabat,
1182 902 1342 986 particula
1366 927 1439 968 eum
1462 905 1508 968 in—

207 1008 346 1073 dicativo
374 1009 556 1093 imperfecti
585 1006 658 1094 (ΙΙΙ.
691 1006 735 1094 J.)
764 1013 796 1072 et
823 1009 925 1072 futuri
954 1005 1028 1094 (ΙΙΙ.
1058 1007 1111 1092 K,
1135 1031 1175 1092 a,
1199 1009 1243 1092 b0,
1266 1008 1315 1095 a),
1349 1012 1508 1076 ambobus

208 1120 317 1180 tamen
340 1116 381 1179 ad
398 1117 571 1198 praesentis
593 1116 705 1179 thema
728 1114 913 1179 referendis.
949 1113 1019 1179 Nec
1043 1115 1138 1180 aliter
1162 1121 1319 1201 quantum
1339 1119 1379 1181 ad
1397 1119 1508 1183 thema

207 1224 338 1307 attinet,
366 1244 443 1287 usus
472 1245 545 1287 oum
573 1222 778 1287 coniunctivo
805 1222 985 1305 praesentis
1016 1220 1089 1306 (ΙΙΙ.
1121 1222 1171 1307 B,
1195 1221 1234 1309 Ι.)
1271 1228 1303 1288 et
1326 1225 1508 1309 imperfecti

208 1328 281 1416 (ΙΙΙ.
305 1327 355 1415 L.)
390 1352 423 1411 se
446 1329 578 1392 habent.
624 1327 705 1412 Huc,
728 1328 761 1391 id
785 1332 835 1392 est
858 1329 898 1393 ad
916 1331 1090 1411 proesentis
1112 1331 1231 1414 thema,
1255 1332 1385 1397 omnino
1410 1334 1507 1417 respi-

208 1438 306 1522 ciunt,
329 1441 367 1501 ut
390 1437 456 1501 iam
480 1436 555 1521 dixi,
578 1436 641 1500 loci
666 1458 704 1500 ex
728 1434 895 1501 0000οΧ
920 1435 1177 1502 OOOOLXXIV.

296 1687 418 1754 Thema
446 1687 575 1772 quidem
598 1687 727 1769 perfecti
752 1687 858 1750 solum
881 1688 1040 1771 praebent
1073 1685 1144 1773 (IV.
1168 1688 1216 1773 A,
1240 1688 1285 1773 B,
1309 1686 1357 1775 0.)
1381 1690 1445 1756 loci
1468 1712 1506 1754 ex

207 1795 374 1863 0000οΧ
395 1793 547 1860 XXXVI.
1362 1842 1365 1848 ,

274 2024 276 2028 ’
296 2028 379 2093 Mihi
402 2029 504 2115 igitur
526 2028 610 2091 hanc
633 2026 853 2109 exemplorum
877 2030 946 2090 tam
970 2028 1158 2092 abnormem
1176 2028 1398 2092 condicionem
1417 2051 1507 2112 repu-

207 2137 292 2200 tanti
315 2136 476 2219 particula
498 2138 611 2198 nostra
634 2133 683 2196 iili
708 2155 780 2196 cum
803 2133 946 2198 themate
970 2135 1106 2219 perfecti
1130 2135 1279 2199 societati
1303 2135 1395 2220 quasi
1418 2136 1450 2199 vi
1474 2140 1507 2200 et

208 2245 307 2309 armis
331 2244 379 2306 ita
402 2263 599 2327 repugnasse
622 2239 758 2322 videtur,
781 2244 818 2303 ut
840 2242 1033 2305 necessitate
1057 2243 1196 2326 quadam
1219 2242 1326 2327 logica
1348 2242 1507 2326 impulsus

208 2353 243 2416 in
269 2352 353 2415 hanc
383 2371 480 2433 quam
508 2347 573 2411 dixi
602 2347 786 2429 opinionem
809 2348 967 2431 venerim,
989 2351 1130 2430 primam
1153 2350 1243 2412 illam
1268 2371 1340 2413 oum
1363 2348 1507 2414 themate

209 2460 278 2524 solo
302 2455 492 2541 praesentis,
512 2460 617 2536 posteo
640 2455 769 2518 demum
793 2477 866 2519 cum
889 2456 1033 2520 themate
1056 2456 1192 2540 perfecti
1216 2478 1286 2520 esse
1309 2460 1508 2539 usurpatam.

208 2563 276 2627 Nee
310 2567 419 2626 tamen
447 2584 542 2626 usum
571 2584 644 2625 oum
671 2562 873 2645 temporibus
901 2563 1054 2646 perfectis
1082 2563 1181 2627 etiam
1209 2564 1249 2626 ad
1274 2564 1447 2649 parataxin
1475 2568 1507 2628 et
1594 2580 1601 2604 ·

210 2670 456 2734 correlationem
482 2668 683 2733 referendum
708 2690 786 2753 esse,
809 2690 928 2754 negare
951 2670 1058 2734 velim.

299 3667 472 3733 Neminem
510 3667 634 3732 scilieet
670 3669 704 3732 in
739 3669 894 3751 opusculo
928 3668 1122 3752 perlegendo
1154 3668 1216 3732 hoe
1248 3666 1361 3732 fallere
1390 3670 1509 3753 potuit,

210 3775 363 3840 adverbia
393 3776 451 3839 illa
479 3797 560 3860 quae
588 3776 622 3838 in
650 3776 873 3839 enuntiatione
908 3775 1081 3838 subiuncta
1114 3773 1214 3837 ‘dum’
1248 3774 1509 3839 coniunctionem

211 3883 424 3947 corroborant
457 3887 490 3946 et
519 3882 599 3945 haec
633 3904 713 3965 quae
742 3882 776 3944 in
808 3882 965 3965 primaria
992 3880 1022 3944 ei
1050 3881 1247 3963 respondent
1275 3885 1443 3966 tamquam
1471 3883 1508 3945 de

210 3989 371 4054 industria
394 4012 452 4074 per
476 4012 509 4053 se
533 4011 659 4073 semper
684 3988 785 4052 allata
808 4010 885 4052 esse.
932 3986 1020 4062 Quae
1049 3986 1178 4070 quidem
1201 3987 1288 4051 haud
1311 3988 1380 4052 sine
1403 4012 1509 4071 causa,

210 4100 248 4160 ut
271 4096 395 4179 opinor,
419 4097 558 4161 eminere
582 4095 679 4160 volui.
726 4094 813 4159 Nam
835 4095 981 4159 indicant
1005 4094 1123 4157 mirum
1148 4098 1306 4176 quantum
1330 4117 1407 4160 usus
1439 4119 1509 4180 par·

210 4203 328 4267 ticuiae
362 4203 632 4267 coniunctionalis
660 4204 844 4267 universam
873 4225 889 4266 e
918 4197 1159 4285 correlatione¹)·
1176 4200 1349 4285 originem,
1379 4225 1443 4286 qua
1471 4203 1509 4266 de

212 4333 259 4395 re,
286 4314 324 4374 ut
347 4310 480 4373 maximi
505 4309 670 4393 momenti,
694 4331 822 4374 omnem
845 4308 1085 4372 dubitationem
1108 4308 1309 4392 argumentis
1333 4308 1510 4372 tollendam

212 4440 282 4483 esse
307 4418 476 4482 existumo.

300 4686 326 4752 1)
345 4681 502 4736 Praecessit
525 4698 592 4735 sane
614 4679 759 4751 parataxis
783 4680 969 4749 correlationi‚
994 4680 1043 4734 sed
1066 4680 1136 4734 haec
1155 4678 1237 4748 quasi
1254 4695 1305 4748 pro
1322 4677 1506 4733 fundamento

211 4771 299 4828 totius
321 4770 544 4839 constructionis,
564 4770 644 4825 utin
662 4768 754 4842 capite
773 4770 806 4825 ΙΙ.
826 4769 945 4839 ostendi,
964 4768 1096 4826 habenda
1114 4770 1164 4823 est.
