3609 5509
854 374 1073 443 432„

402 554 643 656 (lorroboratur
666 554 775 622 ‘dum'
800 558 898 621 semel
923 556 1075 622 adverbio
1105 552 1274 618 ‘interea':
1297 552 1401 618 Plaut.
1429 552 1525 618 Mero.
1552 551 1621 617 778

313 666 428 731 ‘Darei
452 671 576 751 potest,
598 667 723 730 interea
746 665 822 729 dum
845 665 914 729 illei
936 662 1087 748 ponunt'.

402 880 630 948 Coniunctioni
654 881 850 964 respondent
873 879 907 942 in
931 877 1154 943 enuntiatione
1176 876 1332 959 primaria
1354 875 1434 939 hacc
1453 874 1621 938 adverbia.

403 1094 520 1159 ‘lam't
544 1094 628 1160 Men.
639 1095 705 1159 330
728 1093 788 1159 ‘Te
811 1094 859 1157 ire
881 1092 990 1157 hercle
1013 1091 1146 1156 meliust
1168 1092 1255 1154 intro
1280 1091 1345 1153 iam
1369 1094 1469 1174 atque
1490 1112 1620 1154 accum-

315 1203 400 1286 bere,
423 1202 511 1266 Dum
534 1223 596 1286 ego
619 1202 699 1266 11111
723 1223 851 1286 appono
875 1201 915 1264 ad
938 1198 1076 1263 Volcani
1100 1196 1312 1262 violentiam'.

403 1416 577 1481 ‘Interea't
600 1416 706 1480 Plaut.
725 1415 816 1480 Asin.
836 1415 902 1478 914
926 1412 1046 1497 ‘Atque
1069 1414 1195 1476 interea
1217 1417 1254 1475 ut
1277 1412 1520 1494 decumbamus,
1543 1433 1621 1474 sua-

314 1524 411 1609 debo,
434 1523 469 1587 hi
493 1523 569 1586 dum
592 1521 750 1608 litigant’.

403 1736 585 1801 ‘Interim':
608 1736 714 1801 Plaut.
740 1735 926 1801 8111117114
950 1735 1110 1819 ‘interim,
1132 1734 1225 1798 Meus
1249 1735 1375 1817 oculus,
1399 1734 1439 1798 da
1462 1693 1541 1797 mihi
1566 1756 1618 1797 sa-

313 1845 415 1929 rium,
438 1846 515 1909 dum
538 1844 605 1908 11111
629 1843 738 1907 bibit'.

403 2058 532 2124 ‘Tum’t
564 2060 635 2123 Ter.
658 2058 755 2123 Phor.
779 2058 843 2122 549
868 2056 1104 2144 εΤ1111111ς1111,
1128 2057 1203 2122 dum
1227 2058 1304 2122 licet
1327 2057 1466 2141 dumque
1491 2058 1615 2140 adsum,

315 2165 488 2249 loquimini
511 2188 652 2251 mecum,
675 2163 848 2249 Antipho'.

403 2379 548 2444 ‘Proin'z
572 2379 637 2445 Inc.
662 2379 722 2444 inc.
746 2378 894 2463 1111113.
918 2379 960 2442 29
985 2375 1129 2464 (Fragm.
1152 2376 1262 2463 Trag.)
1287 2377 1401 2442 ‘Proin
1424 2379 1531 2442 demet
1554 2378 1615 2441 abs

317 2492 350 2551 tc
373 2488 518 2572 regimen
541 2486 664 2572 Argos,
687 2488 763 2551 dum
787 2490 837 2550 est
860 2489 1007 2570 potestas
1031 2485 1170 2551 consili'.

403 2914 500 2980 Locis
523 2910 648 2981 duobus
672 2915 738 2979 vim
763 2914 921 2979 sentimus
944 2915 1059 2978 leviter
1081 2915 1246 2979 causalem:
1266 2914 1359 2978 Varr.
1374 2914 1447 2978 Rer.
1462 2918 1540 2979 rust.
1551 2914 1616 2998 III,

316 3025 366 3107 16,
385 3024 405 3086 9
430 3022 516 3107 ‘scd,
539 3046 558 3087 o
582 3021 721 3105 Merula,
744 3021 848 3086 Axius
870 3027 983 3086 noster
1005 3043 1059 3105 ne,
1072 3022 1159 3085 -dum
1181 3022 1261 3086 haec
1285 3021 1375 3085 audit
1397 3022 1544 3105 physica,
1567 3022 1615 3085 fa-

314 3131 427 3212 tiscat,
450 3130 536 3212 quod
559 3130 597 3193 de
620 3129 730 3193 fructu
752 3128 834 3192 nihil
858 3129 937 3212 dixi,
960 3151 1046 3192 nunc
1069 3151 1165 3193 cursu
1187 3129 1338 3212 lampada
1360 3129 1420 3192 tibi
1445 3127 1555 3192 trado'
1570 3166 1615 3175 -

214 3257 217 3262 “
314 3236 500 3321 ‘physicam
538 3234 711 3323 (phisicam
743 3233 787 3322 A)
821 3235 982 3300 achiscat'
1015 3235 1124 3320 PAB,
1166 3234 1349 3318 ‘physicam
1382 3235 1542 3299 addiscat’
1571 3257 1616 3320 v.3

314 3343 466 3428 ‘physica
491 3342 641 3408 fatiscat'
667 3341 881 3407 Schneiderus
906 3369 962 3428 -ς
999 3341 1075 3408 Sall.
1100 3341 1170 3409 Cat.
1194 3342 1312 3425 52,12
1336 3342 1391 3406 ‘ne
1414 3342 1463 3405 illi
1487 3343 1616 3426 sangui·

312 3473 388 3541 nem
418 3455 568 3516 nostrum
600 3450 783 3537 largiantur
815 3454 848 3514 et
880 3451 957 3515 dum
989 3451 1101 3534 paucis
1134 3449 1300 3514 sceleratis
1327 3454 1477 3535 parcunt,
1509 3450 1614 3513 bonos

314 3580 425 3623 omnes
448 3558 611 3642 perditum
634 3556 734 3621 eant’.

403 3879 509 3945 Semel
533 3883 641 3944 exstat
662 3881 875 3945 coniunctium
893 3878 1074 3963 praesentis
1093 3899 1150 3962 per
1169 3879 1350 3944 orationem
1369 3878 1533 3962 obliquam
1552 3899 1613 3962 pro

313 3986 501 4054 indicativo:
538 3985 643 4051 Plaut.
667 3986 781 4051 Pseud.
804 3988 870 4051 564
893 3985 1095 4070 ‘Suspiciost
1118 3986 1198 4050 mihi
1221 4009 1305 4050 nunc
1328 4007 1386 4049 vos
1410 3984 1614 4070 auspicatior,

313 4094 366 4159 Me
398 4094 518 4159 idcirco
550 4093 630 4158 haec
662 4098 755 4158 tanta
787 4093 932 4158 facinora
954 4094 1007 4157 his
1031 4094 1235 4177 promittere,
1260 4092 1330 4169 Quo
1358 4114 1416 4157 vos
1442 4093 1613 4177 oblectem,

311 4202 396 4266 hanc
417 4200 563 4265 fabulam
586 4201 663 4266 dum
686 4201 891 4286 transigam'.

403 4414 508 4481 Semel
533 4415 757 4481 coniunctivus
781 4416 963 4499 imperfecti
986 4439 1044 4501 per
1067 4379 1308 4480 attractionem:
1331 4414 1397 4479 lnc.
1420 4414 1481 4478 inc.
1500 4414 1563 4478 fab.
1583 4436 1612 4478 v.

314 4522 438 4588 16911.
464 4522 607 4611 (Fragm.
622 4520 733 4609 Trag.)
757 4522 899 4606 ‘Perque
925 4544 1020 4609 agros
1045 4523 1203 4607 dispergit
1227 4544 1356 4606 corpus:
1380 4522 1412 4586 id
1436 4545 1474 4586 ea
1497 4522 1614 4607 gratia,

313 4630 360 4695 Ut
388 4632 465 4695 dum
492 4632 562 4695 nati
589 4631 776 4713 dissupatos
801 4635 892 4694 artus
916 4634 1063 4714 captaret
1086 4651 1216 4713 parem,
1249 4629 1326 4713 Ipsa
1349 4630 1472 4702 interea
1496 4629 1615 4714 effuge-

313 4736 379 4801 ret'
405 4775 446 4783 —-
471 4736 691 4803 coniunctioni
715 4737 889 4821 respondet
913 4737 1100 4802 adverbium
1124 4736 1279 4800 ‘interea’
1303 4775 1353 4800 —.
