3609 5509
388 944 495 1010 Natus
519 966 591 1009 sum
612 943 772 1031 Georgius
791 943 904 1029 Morey
924 944 1127 1009 Richardson
1146 942 1228 1007 Non.
1248 942 1308 1007 Iul.
1329 966 1355 1006 a.
1375 941 1603 1008 MDCGGLIX

300 1053 333 1115 in
356 1054 427 1117 vico
451 1051 603 1117 Civitatis
627 1051 749 1117 Rerum
772 1051 981 1116 Publicarum
1000 1050 1252 1115 Foederatarum
1272 1043 1604 1115 Massachusetteusis

299 1160 351 1224 cui
374 1182 493 1223 nomen
507 1158 741 1244 Framingham
760 1164 823 1244 est,
846 1165 939 1244 patre
959 1157 1091 1242 Garolo,
1115 1162 1217 1222 matre
1231 1156 1388 1221 Helenae
1403 1160 1500 1242 gente
1514 1156 1605 1240 Hay-

298 1266 400 1350 ward,
433 1288 572 1350 quorum
603 1271 731 1350 patrem
759 1267 856 1351 lugeo
885 1271 960 1331 ante
987 1267 1048 1329 hos
1077 1269 1151 1330 octo
1180 1286 1280 1328 annos
1309 1264 1377 1328 vita
1405 1263 1604 1347 defimctum,

299 1377 437 1437 matrem
461 1373 565 1437 adhuc
589 1373 696 1437 vivere
720 1374 839 1438 cotidie
864 1374 998 1459 gaudeo.

388 1478 506 1543 Primis
530 1479 715 1543 litterarum
738 1481 933 1565 linguaeque
957 1477 1092 1543 Latinae
1116 1479 1285 1544 elementis
1308 1478 1343 1541 in
1365 1477 1436 1541 vico
1460 1499 1531 1542 meo
1555 1477 1605 1541 in·

300 1590 456 1671 structus,
490 1608 648 1651 annorum
678 1587 827 1652 undecim
854 1610 934 1671 puer
958 1610 985 1650 a.
1004 1587 1035 1650 h.
1055 1608 1079 1649 s.
1099 1585 1206 1649 LXXI
1237 1584 1367 1650 scholae
1394 1585 1529 1648 nomine
1553 1582 1603 1648 St.

299 1692 420 1757 Mark's
437 1692 556 1758 School
579 1694 614 1757 in
637 1694 707 1758 vico
724 1692 980 1779 Southborough
1003 1693 1128 1777 positae
1152 1692 1343 1756 erudiendus
1362 1690 1501 1756 traditus
1521 1714 1605 1774 sum,

301 1800 359 1863 ubi
381 1822 439 1884 per
467 1801 547 1864 duos
576 1822 676 1864 annos
704 1801 826 1886 linguis
850 1799 991 1864 Graecae
1015 1804 1048 1863 11
1072 1798 1207 1863 Latinae
1237 1798 1416 1882 ceterisque
1444 1798 1604 1862 bonarum

300 1908 420 1971 artium
450 1907 641 1971 rudimentis
672 1908 854 1972 tirunculus
884 1930 936 1970 me
967 1905 1135 1991 applicavi.
1176 1906 1259 1969 Tum
1287 1928 1344 1989 per
1373 1925 1473 1968 annos
1503 1903 1602 1966 etiam

300 2015 380 2080 duos
411 2015 532 2100 linguis
560 2014 757 2079 Theodiscae
786 2018 819 2079 et
846 2014 872 2078 F
875 2013 1110 2100 rancogallicae
1141 2013 1175 2077 in
1203 2012 1334 2096 Europa
1362 2012 1433 2075 dedi
1462 1997 1605 2095 operam,

299 2123 383 2186 unde
406 2123 440 2186 in
463 2122 605 2205 patriam
629 2143 789 2206 reversus,
813 2096 1112 2186 1111111111111111
1136 2119 1277 2184 Ciuitate
1301 2118 1382 2183 New
1406 2117 1604 2202 Hampshire

300 2229 334 2292 in
364 2229 476 2292 schola
507 2252 588 2313 quae
623 2233 757 2293 vocatur
787 2227 855 2292 The
883 2227 1023 2311 Phillips
1060 2227 1180 2290 11111111
1208 2226 1372 2309 Academy
1405 2225 1444 2288 ad
1473 2225 1603 2309 linguas

301 2334 458 2400 Graecam
486 2340 519 2399 et
546 2334 697 2399 Latinam
722 2341 781 2399 etc.
810 2335 929 2399 iterum
957 2356 1008 2397 me
1037 2334 1260 2418 contulissem,
1288 2356 1315 2397 a.
1334 2333 1365 2397 h.
1385 2354 1409 2396 s.
1429 2329 1604 2395 LXXVIII

303 2444 337 2506 in
364 2465 535 2506 numerum
565 2442 683 2507 ciuium
712 2440 850 2527 Collegii
878 2440 1094 2505 Harvardiani
1122 2441 1208 2524 quod
1236 2444 1286 2504 est
1313 2438 1542 2523 Cantabrigiae
1569 2438 1604 2499 in

301 2549 442 2615 Ciuitate
465 2548 776 2614 Massachusettensi
800 2552 949 2631 receptus
973 2570 1053 2611 sum.
1095 2547 1146 2611 lbi
1169 2569 1227 2631 per
1250 2568 1351 2610 annos
1375 2549 1531 2629 quattuor
1554 2567 1602 2606 ar—

300 2656 389 2720 tibus
413 2656 615 2740 liberalibus,
639 2655 800 2739 imprimis
819 2656 940 2740 linguis
957 2655 1114 2739 antiquie,
1138 2654 1264 2718 deditus
1281 2653 1388 2717 audivi
1403 2653 1602 2737 professores

290 2763 346 2826 ill.
371 2762 479 2847 Ghild,
509 2761 680 2847 Goodwin,
709 2761 918 2847 Greenough,
947 2761 1073 2847 Hedge,
1101 2760 1203 2844 Lane,
1234 2760 1411 2845 Laughlin,
1440 2759 1604 2843 Macrane,

301 2869 445 2953 Norton,
472 2869 615 2954 Palmer,
647 2868 768 2952 Smith,
795 2869 825 2933 J.
844 2868 897 2931 W.
917 2868 1045 2951 White,
1075 2873 1108 2931 et
1138 2891 1233 2931 cursu
1262 2867 1443 2931 academico
1471 2869 1603 2950 peracto

303 3000 330 3041 a.
349 2978 380 3041 h.
401 3000 425 3040 s.
444 2976 600 3040 LXXXII
625 2977 665 3040 ad
688 2977 825 3063 gradum
848 2975 1057 3039 Baccalaurei
1081 2975 1115 3038 in
1138 2975 1275 3038 Artibus
1299 2975 1459 3038 admissus
1484 2996 1563 3037 sum.

390 3084 545 3148 Eiusdem
573 3084 648 3147 anni
676 3088 865 3167 auctumno,
893 3104 967 3146 cum
994 3082 1029 3146 in
1052 3079 1259 3145 Germaniam
1286 3081 1484 3166 philologiae
1511 3080 1603 3165 quasi

302 3192 410 3256 sedem
442 3191 646 3275 transissem,
679 3190 802 3255 civibus
831 3188 1063 3254 Universitatis
1092 3188 1237 3252 lenensis
1272 3188 1432 3272 ascriptus
1464 3188 1517 3252 hic
1545 3209 1604 3270 per

302 3321 402 3362 unum
440 3301 607 3386 semestre¹
628 3297 744 3361 studiis
776 3297 857 3361 meis
891 3318 1023 3380 operam
1055 3296 1179 3359 navari.
1225 3294 1349 3359 Deinde
1382 3317 1455 3358 vere
1483 3294 1559 3357 ah.
1579 3317 1604 3357 s.

302 3403 476 3467 LXXXIII
512 3403 714 3487 Berolinum,
747 3407 921 3468 auctumno
953 3401 1099 3486 Lipsiam
1130 3403 1369 3487 transmigravi.
1431 3401 1493 3465 Per
1523 3402 1603 3465 haec

303 3514 377 3576 1111
411 3510 582 3575 semestria
613 3510 648 3574 111
679 3510 878 3596 philologiae
911 3509 1103 3594 praesertim
1135 3509 1243 3573 studia
1265 3509 1410 3592 incubui,
1435 3513 1469 3573 et
1497 3508 1604 3571 audivi

302 3617 503 3702 professores
536 3617 581 3681 111.
628 3616 747 3701 Arndt,
779 3617 817 3682 Ε.
837 3615 982 3695 Curtius,
1016 3615 1053 3679 G.
1073 3615 1218 3700 Curtius,
1251 3615 1429 3700 Delbriick,
1460 3616 1603 3699 Xuckeu,

305 3724 524 3809 Gaedechens,
552 3723 667 3808 Goetz,
694 3724 830 3808 Heinze,
859 3723 1074 3806 Hildebrand,
1101 3722 1249 3808 Hiibner,
1277 3723 1460 3806 Kirchhoff,
1483 3721 1604 3807 Lange,

303 3829 447 3916 Lipsius,
484 3831 521 3896 11.
550 3830 674 3915 Meyer,
705 3831 866 3915 Ribbeck,
903 3830 947 3895 Μ.
976 3829 1136 3907 Schmidt,
1173 3829 1342 3912 Techmer,
1374 3828 1604 3893 Wattenbach.

303 3937 476 4002 Praeterea
498 3936 698 4002 Ribbeckius
722 3939 861 4023 benigne
886 3937 966 4001 mihi
989 3936 1153 4022 permisit,
1185 3941 1222 4000 ut
1254 3936 1405 4001 societati
1436 3958 1512 4001 suae
1534 3935 1604 4019 phi-

303 4045 431 4132 lologae
454 4067 512 4129 per
535 4045 597 4109 duo
622 4045 791 4109 semestria
815 4045 934 4108 sodalis
958 4044 1150 4107 interessem
1174 4043 1363 4108 ordinarius.

393 4150 517 4228 Quibus
546 4152 695 4216 omnibus
719 4152 796 4217 viris
826 4151 1023 4235 clarissimis,
1047 4152 1228 4215 studiorum
1251 4173 1398 4215 meorum
1419 4149 1603 4214 fautoribus

305 4262 403 4342 atque
422 4259 637 4342 adiutoribus,
660 4259 821 4344 imprimis
837 4258 979 4343 Georgia
994 4257 1139 4321 Martino
1154 4256 1242 4322 Lane
1261 4262 1295 4321 et
1309 4256 1424 4321 Ioanni
1438 4256 1603 4320 Williams

308 4364 418 4430 White
442 4364 780 4452 Cantabrigiensibus,
804 4364 946 4451 Georgio
966 4364 1102 4429 Goetzio
1121 4365 1260 4448 lenensi,
1284 4365 1400 4429 011111
1423 4364 1603 4429 1111111111

305 4469 467 4556 Lipsiensi
490 4473 613 4558 gratias
638 4495 700 4559 ago
725 4478 822 4557 atque
846 4495 973 4557 semper
995 4472 1123 4536 habebo
1148 4495 1245 4557 quam
1269 4474 1435 4536 maximas.

857 4788 1054 4814 ·-—⁴0*——
