3609 5509
759 434 972 499 ..95-

156 688 158 691 4
216 611 319 676 ‘nieht
341 612 510 698 weniger
539 612 586 675 als
610 612 667 675 das
691 612 800 676 rechte
824 611 934 676 Mass’.
977 611 1082 688 Quam
1105 613 1235 697 quidem
1256 614 1424 679 notionem
1447 639 1516 700 per-

214 720 296 783 bene
320 719 465 783 illustrat
488 720 541 784 hie
565 720 655 784 loeus
681 716 760 806 (Alf.
779 719 886 783 Varus
907 718 981 802 Dig.
1001 718 1037 802 L,
1059 720 1108 804 16,
1127 717 1220 806 202):
1244 719 1338 786 ‘Cum
1361 722 1394 786 in
1418 727 1516 788 testa-

215 831 324 890 mento
353 827 512 910 scriptum
540 830 639 911 esset,
666 830 704 890 ut
731 826 824 890 heres
852 826 887 912 in
914 825 1025 889 funere
1050 827 1159 890 autin
1183 834 1392 894 monumento
1417 828 1516 894 ‘dum-

214 937 306 997 taxat
329 955 442 998 aureas
463 931 604 998 centum'
628 937 846 1017 consumeret,
868 933 1030 998 nonlicet
1049 934 1155 998 minus
1176 957 1376 1000 consumere:
1400 936 1428 1000 si
1452 959 1516 1001 em·

214 1041 299 1123 plius
318 1040 430 1124 vellet,
453 1037 551 1121 licet',
570 1062 596 1103 e.
611 1063 639 1124 q.
655 1062 696 1104 s..
720 1037 813 1104 Hanc
837 1039 1109 1125 significationem
1133 1042 1264 1107 exhibet
1287 1044 1372 1127 apud
1390 1043 1514 1128 priscos

215 1147 390 1232 scriptores
423 1168 507 1211 unus
539 1150 667 1214 tantum
703 1148 807 1212 locus:
844 1146 949 1211 Plaut.
974 1146 1067 1212 Truc-
1085 1149 1151 1213 445
1184 1146 1323 1213 ‘lubebo
1347 1149 1387 1213 ad
1419 1151 1516 1215 istam

215 1255 356 1338 quinque
380 1253 497 1318 deferri
520 1252 638 1338 minae,
661 1253 834 1319 Praeterea
857 1276 922 1318 una
945 1255 1098 1319 obsonari
1121 1256 1297 1319 dumtaxat*
1314 1256 1422 1322 mina’.
1466 1337 1475 1358 x

304 1469 421 1534 Restat
448 1491 549 1533 unum
572 1470 763 1553 exemplum,
787 1470 962 1554 praebente
991 1470 1142 1535 adverbio
1172 1469 1338 1534 notionem
1362 1469 1517 1536 ‘insofern

216 1576 275 1640 als'
288 1573 309 1661 ¹)
315 1628 324 1659 ‚
348 1598 428 1660 quae
449 1576 497 1639 illi
522 1574 613 1639 ‘nur'
639 1576 805 1640 simillima
825 1582 890 1641 est:
914 1576 1007 1642 Lucr.
1020 1575 1065 1662 -II,
1087 1579 1149 1643 123
1169 1575 1336 1642 ‘Conicere
1360 1582 1396 1641 ut
1409 1580 1516 1662 possis

216 1706 254 1747 ex
277 1683 351 1767 hoc,
379 1683 557 1766 primordia
584 1705 692 1747 rerum
716 1683 817 1760 Quale
846 1685 890 1747 sit
918 1684 952 1747 in
979 1705 1098 1769 magno
1126 1683 1241 1747 iactari
1269 1705 1396 1768 semper
1418 1686 1517 1770 inani,

214 1789 394 1854 Dumtaxat
416 1813 524 1854 rerum
547 1811 739 1875 magnarum
762 1812 862 1874 parva
884 1794 996 1874 potest
1018 1812 1070 1854 res
1085 1789 1279 1873 Exemplum
1298 1789 1385 1855 dare'
1405 1814 1431 1856 e.
1447 1814 1477 1876 q.
1492 1814 1515 1858 s.

278 2006 284 2014 '
304 2002 449 2088 Denique
470 2004 789 2068 animadvertendum
809 2008 872 2089 est,
895 2004 957 2069 hoc
977 2004 1164 2068 adverbium
1184 2005 1376 2088 praesertim
1390 2010 1518 2071 exstare

217 2111 301 2194 apud
329 2110 408 2175 iuris
436 2110 573 2195 peritos,
610 2132 692 2194 quae
719 2111 868 2176 roseius
906 2134 944 2175 ex
977 2101 1068 2194 lopati
1095 2102 1160 2176 nusu
1198 2112 1357 2197 originem
1390 2112 1518 2177 videtur

216 2218 393 2282 enuntiare.

305 2431 442 2497 Omnino
476 2433 647 2497 invenitur
674 2434 757 2517 apud
790 2434 914 2517 priseos
948 2434 1123 2517 scriptores
1155 2432 1348 2498 ‘dumtaxat'
1385 2434 1516 2499 notione

217 2538 300 2603 ‘nur'
329 2541 506 2622 quindecies.
549 2540 717 2604 Pertinent
746 2541 785 2604 nd
813 2542 901 2627 leges
932 2542 1079 2626 exempla
1111 2542 1257 2626 quinque,
1290 2540 1330 2605 ad
1358 2539 1515 2606 Catonem

215 2648 289 2728 ἀπο,
316 2647 356 2710 ad
387 2644 548 2711 Lucilium
580 2669 690 2732 curem,
718 2648 757 2712 ad
781 2648 968 2713 Lucretium
995 2651 1069 2734 duo,
1097 2650 1137 2711 ad
1165 2647 1347 2712 Varronem
1374 2648 1514 2729 quinque.

304 2860 402 2925 Semel
425 2821 524 2925 halret
546 2861 683 2926 Plautus
707 2862 979 2947 significationem
1004 2860 1258 2932 ‘mindestens'.‚

305 3075 403 3140 Semel
425 3075 547 3160 legitur
570 3076 655 3159 apud
678 3073 867 3141 Lucretium
890 3077 939 3141 vis
964 3074 1121 3141 ‘insofern
1144 3074 1213 3140 als'.

305 3286 465 3359 Locorum
490 3312 616 3354 summa
639 3293 689 3353 est
712 3288 816 3353 XVII.

306 3557 332 3624 1)
352 3553 535 3608 Consentiunt
554 3555 587 3608 de
606 3554 739 3608 hocloco
758 3552 811 3606 viri
831 3554 907 3608 docti
925 3554 983 3608 fere
1003 3572 1106 3611 omnes.
