3609 5509
718 1590 1071 1675 PRAEFATIO.

333 1931 515 2017 Scriptores
544 1930 600 2016 qui
624 1930 779 2015 opusculo
803 1932 975 1996 materiam
1001 1930 1179 2015 praebeant
1206 1951 1308 2013 usque
1332 1927 1372 1991 ad
1396 1933 1546 2013 tempora

245 2038 456 2105 Ciceroniana
492 2061 566 2103 cum
602 2037 871 2122 inscriptionibus
906 2060 1016 2103 omnes
1049 2037 1189 2123 versavi,
1220 2060 1324 2122 neque
1357 2036 1547 2120 Varronem,

244 2146 446 2233 Lucretium,
487 2145 666 2229 Catullum,
704 2142 910 2225 Sallustium,
948 2146 1004 2231 qui
1049 2145 1280 2230 antiquitatem
1321 2144 1394 2228 plus
1440 2144 1548 2208 minus

244 2255 424 2340 redoleant,
457 2252 655 2318 omittendos
687 2253 809 2336 putavi.
846 2252 928 2329 ¹Sed
955 2255 1046 2338 prius
1073 2255 1112 2318 de
1140 2252 1319 2337 particulae
1348 2252 1548 2337 etymologia

244 2385 349 2447 pauca
371 2361 514 2426 dicenda.
1497 2366 1501 2376 '

333 2576 404 2654 Qua
435 2576 470 2641 in
499 2598 547 2660 re,
579 2579 617 2639 ut
645 2597 726 2661 opus
754 2580 805 2641 est
837 2575 927 2641 aleae
958 2576 1101 2663 plenum,
1133 2598 1171 2642 ea
1193 2581 1323 2642 tantum
1350 2576 1480 2661 profero
1509 2577 1547 2640 de
1633 2559 1635 2562 ¹

248 2686 366 2769 quibus
389 2685 476 2748 inter
497 2684 585 2748 viros
609 2684 721 2748 doctos
746 2685 826 2748 satis
850 2689 987 2752 constat.

332 2897 479 2971 Primum
494 2899 624 2983 quidem
643 2899 786 2963 dubitari
799 2923 866 2965 non
888 2904 1008 2985 potest,
1031 2900 1111 2984 quin
1134 2898 1233 2964 ‘dum'
1257 2900 1437 2985 particulae
1456 2900 1548 2964 radix

245 3008 352 3073 subsit
378 3006 614 3093 pronominalis
637 3004 915 3095 demonstrabam).
962 3006 1033 3082 Qua
1064 3031 1104 3072 ex
1135 3007 1256 3093 radice,
1288 3008 1356 3073 sive
1384 3030 1456 3072 earn
1483 3006 1548 3071 ‘da'

244 3116 311 3180 sive
335 3138 409 3180 cum
436 3114 618 3179 Ribbeckio
642 3112 686 3178 ‘d'
719 3119 849 3180 tantum
881 3137 996 3180 vocare
1029 3116 1130 3199 lubet,
1161 3137 1341 3200 pronomen
1377 3115 1549 3180 oriundum

244 3223 537 3289 demonstrativum
561 3222 640 3287 olim
664 3222 733 3287 sine
757 3223 855 3287 dubio
877 3224 914 3287 in
935 3223 1048 3308 lingua
1067 3222 1185 3288 Latina
1212 3224 1439 3308 usurpabatur.
1486 3221 1549 3287 Sed
1635 3307 1636 3310 Ἴ

244 3336 374 3414 praeter
393 3330 547 3415 reliquias
567 3330 741 3395 admodum
763 3352 883 3414 paucas
920 3330 1016 3414 plane
1052 3330 1188 3416 interiit,
1221 3353 1359 3415 quarum
1381 3333 1493 3395 tamen
1515 3330 1549 3392 in

244 3461 380 3504 numero
404 3439 566 3524 particula
587 3443 702 3503 nostra
726 3439 911 3523 reponenda
934 3442 992 3502 est.

334 3652 397 3719 Est
415 3653 518 3741 igitur
537 3654 636 3719 ‘dum’
657 3675 750 3720 casus
770 3652 887 3738 aliquis
907 3652 1003 3719 huius
1022 3654 1224 3738 pronominis
1243 3655 1354 3719 ruinae
1375 3659 1549 3740 superstes,

245 3762 310 3847 vel,
333 3767 371 3826 ut
394 3785 467 3827 cum
491 3763 714 3849 grammaticis
737 3761 972 3826 recentioribus
996 3762 1120 3847 loquar,
1144 3760 1209 3826 ‘ein
1231 3767 1406 3827 erstarrter
1425 3761 1549 3828 Oasus’.

246 3869 309 3945 Qui
337 3873 449 3933 tamen
472 3871 515 3934 sit
539 3892 643 3956 casus,
666 3870 771 3935 dicere
794 3893 860 3935 non
882 3870 997 3934 habeo.
1042 3868 1130 3934 Nam
1154 3892 1195 3933 ne
1223 3893 1297 3935 cum
1323 3868 1486 3959 Breali02)
1516 3876 1549 3935 et

144 3965 148 3971 ⁴
245 3972 460 4060 schmalzioss)
474 3978 697 4043 accusativum
720 3978 921 4064 singularem
938 3976 1087 4041 neutrius
1102 3977 1230 4062 generis
1250 4000 1324 4042 eum
1343 4000 1413 4043 esse
1428 3983 1549 4064 putem,

243 4083 306 4146 hoc
324 4083 517 4167 praesertim
538 4085 713 4165 dissuadet,
737 4086 823 4170 quod
846 4084 881 4149 in
902 4084 955 4148 his
978 4084 1226 4169 pronominibus
1250 4082 1293 4149 ‘d’
1317 4084 1430 4149 littera
1452 4086 1549 4151 huius

244 4212 337 4255 casus
368 4191 512 4256 clausula
540 4214 610 4258 esse
639 4194 737 4278 solet,
765 4193 816 4258 cui
845 4214 1044 4277 quamquam
1071 4191 1127 4256 ‘m’
1155 4192 1190 4255 in
1218 4190 1348 4275 ‘ipsum'
1382 4197 1415 4257 et
1443 4191 1487 4257 ‘a'
1516 4194 1551 4257 in

359 4442 385 4509 1)
404 4437 444 4493 cf.
464 4436 598 4495 Ribbeck.
637 4439 770 4510 Beitrage
789 4458 811 4495 z.
830 4439 920 4494 Lehre
939 4459 964 4495 v.
985 4441 1011 4496 d.
1031 4441 1091 4496 Lat.
1112 4440 1265 4508 Partikeln‚
1289 4458 1316 4509 p.
1335 4445 1365 4505 43
1384 4440 1417 4495 H.
1437 4440 1548 4496 Weber.

244 4525 406 4583 Zeitschrift
422 4528 442 4583 f.
462 4528 488 4584 d.
509 4529 767 4599 Gymnasialwesen
784 4530 849 4584 XIX
863 4534 964 4602 (1865),
983 4550 1010 4600 p.
1025 4536 1073 4597 423
1092 4531 1183 4585 Breal.
1203 4531 1241 4583 Le
1259 4530 1354 4583 theme
1372 4530 1550 4598 pronominal

245 4618 316 4686 ‘da’‚
335 4616 418 4673 Mem.
438 4618 521 4672 dela
540 4636 594 4675 soc.
615 4620 650 4673 de
668 4618 806 4689 Linguist.
826 4620 847 4689 L
866 4638 892 4689 p.
915 4626 966 4674 193
986 4638 1046 4688 sqq.

352 4711 379 4778 2)
399 4707 524 4778 1bid.‚p.
547 4715 606 4764 rec.

349 4800 376 4867 3)
394 4797 506 4852 Handb.
527 4799 552 4852 d.
571 4798 657 4854 klass.
678 4799 927 4854 Alterthumswiss.
948 4799 982 4867 ΙΙ,
1001 4817 1028 4868 p.
1048 4805 1108 4854 346.
