3609 5509
711 399 927 465 „73-

262 576 363 644 ‘Adeo
387 576 514 662 usque’:
537 576 642 641 Plaut.
662 576 780 661 Amph.
798 577 864 642 472
895 575 1041 641 ‘Erroris
1066 577 1161 641 ambo
1186 597 1247 662 ego
1271 576 1346 640 illos
1366 581 1398 640 et
1422 577 1472 639 de·

170 687 310 751 montiae
335 684 501 770 Conplebo
524 689 621 769 atque
640 683 890 769 Amphitruonis
914 707 1042 749 omnem
1060 682 1233 769 familiam,
1257 682 1346 749 Adeo
1370 705 1472 769 usque
1496 730 1498 736 -

172 794 358 858 satietatem
381 793 457 857 dum
481 794 586 878 capiet
609 796 703 876 pater
726 792 819 857 Illius
844 815 942 877 quam
964 790 1074 857 amat'.
1102 781 1118 818 ⁹

261 971 409 1057 ‘Usque't
441 970 511 1037 Cat.
535 958 583 1036 De
607 992 674 1056 agr.
698 973 774 1036 cult.
798 970 947 1054 ΧΧΙΙ,2
980 969 1110 1034 ‘eodem
1138 971 1234 1036 modo
1266 970 1473 1035 latitudinem

173 1081 327 1145 orbiculis
352 1078 477 1165 ligneis
511 1083 567 1144 aut
600 1078 736 1144 armillis
768 1077 881 1143 ferreis
914 1081 1110 1162 temperato,
1142 1100 1245 1161 usque
1277 1077 1354 1142 dum
1386 1082 1473 1142 recte

172 1184 429 1271 temperabitur'.

261 1364 310 1428 De
334 1367 451 1448 criptae
474 1365 604 1450 quidem
626 1366 722 1430 huius
741 1389 818 1431 usus
839 1369 1048 1452 quaerentem
1062 1365 1103 1429 ad
1117 1387 1155 1430 ea
1174 1386 1256 1447 quae
1277 1364 1336 1428 sub
1351 1362 1391 1427 H.
1406 1362 1472 1426 dixi

175 1473 306 1538 omnino
329 1472 471 1538 remitte.

803 1783 841 1855 h.

173 1968 223 2021 De
241 1954 347 2020 ‘dum’
368 1965 606 2021 coniunctione
625 1979 703 2022 cum
723 1961 939 2023 coniunctivo
958 1979 1018 2035 per
1036 1979 1073 2021 se
1092 1965 1282 2035 imperfecti
1300 1967 1472 2034 usurpata.

263 2151 350 2228 Quae
375 2153 504 2237 quidem
527 2154 673 2237 exempla
691 2154 919 2238 imperfectum
940 2153 1137 2218 conjunctivi
1152 2156 1209 2217 aut
1222 2175 1280 2236 per
1295 2152 1475 2217 orationem

131 2257 135 2266 ’
174 2260 355 2344 obliquam,
378 2264 435 2324 aut
457 2284 515 2344 per
538 2265 723 2345 temporum
747 2262 1022 2344 consecutionem,
1046 2265 1103 2324 aut
1121 2260 1257 2343 denique
1276 2282 1334 2344 per
1357 2264 1475 2324 attrac-

173 2368 297 2432 tionem
319 2369 490 2451 praebent,
513 2390 551 2431 ea
570 2368 679 2432 omnia
694 2369 733 2432 ad
749 2368 1080 2451 1111111111111111111,
1104 2370 1227 2431 statum
1242 2388 1314 2431 cum
1329 2371 1475 2451 ternpore

173 2474 358 2560 principali,
382 2477 505 2539 statum
529 2478 603 2538 ante
627 2463 857 2540 attractionem
880 2475 1002 2541 factam
1025 2475 1130 2540 relata
1153 2475 1213 2538 sub
1236 2473 1335 2538 variis
1353 2472 1474 2536 litteris

175 2603 274 2665 supra
296 2580 435 2645 laudavi.

263 2759 403 2825 Restant
426 2760 489 2825 loci
513 2765 579 2826 tres
603 2741 659 2825 ubi
684 2761 908 2826 coniunctivus
931 2784 989 2845 per
1012 2784 1046 2827 se
1069 2761 1197 2826 videtur
1220 2763 1355 2824 exstare.

264 2937 370 3004 Semel
400 2940 564 3004 invenitur
593 2939 775 3004 enuntiatio
805 2940 1023 3005 condicionalis
1050 2939 1190 3003 irrealis:
1223 2938 1328 3002 Plaut.
1356 2937 1474 3003 Bacch.

176 3048 260 3112 1048
284 3045 346 3111 ‘Ne
365 3047 420 3110 1111
440 3047 552 3131 edepol
567 3046 690 3131 Ephesi
710 3048 813 3112 multo
833 3047 1004 3112 mavellem
1022 3047 1117 3131 foret,
1140 3045 1226 3109 Dum
1251 3046 1357 3110 salvos
1381 3049 1476 3130 11111,

65 3219 74 3232 ‚
175 3175 272 3236 quam
295 3154 473 3219 revenisset
495 3154 647 3219 domum'.

265 3328 371 3395 Semel
393 3337 528 3416 propter
546 3334 806 3399 enuntiationum
826 3356 982 3399 conexum
1000 3333 1144 3419 logicum
1164 3332 1304 3398 efficitur
1327 3333 1376 3397 vis
1400 3355 1476 3417 quo·

176 3437 250 3501 dam
277 3437 373 3503 modo
401 3441 580 3505 omcessioo:
608 3441 714 3506 Plaut.
739 3441 820 3505 Rud.
847 3442 929 3506 1261
956 3439 1057 3505 ‘Dum
1084 3441 1237 3525 praedam
1260 3441 1379 3504 habere
1402 3463 1476 3505 cen-

176 3548 273 3628 seret,
300 3545 432 3610 interim
460 3546 583 3611 Praeda
610 3549 701 3633 ipsus
729 3552 828 3613 esset:
856 3548 976 3632 praeda
1005 3548 1160 3632 praedam
1183 3547 1325 3612 duceret’
1349 3584 1393 3594 -
1415 3546 1476 3611 Re·

178 3653 315 3735 spondet
339 3653 557 3719 coniunctioni
581 3656 769 3720 adverbium
788 3654 943 3721 ‘interim’
970 3692 1018 3719 -.

166 3902 169 3908 ,
263 3829 410 3916 Denique
433 3855 498 3897 uno
522 3834 593 3899 loco
617 3834 777 3918 particula
804 3834 891 3899 haud
915 3834 1010 3898 aliter
1041 3838 1138 3918 atque
1161 3834 1242 3898 illud
1266 3831 1362 3898 ‘cum'
1386 3855 1476 3898 usur-

174 3942 284 4023 patur:
309 3937 385 4004 Sall.
409 3939 478 4005 Cat.
505 3942 536 4025 1,
560 3941 580 4005 6
604 3938 650 4004 ‘se
674 3941 810 4025 quisque
832 3942 962 4006 hostem
984 3939 1094 4025 ferire,
1122 3964 1250 4006 murum
1274 3939 1475 4025 adscendere,

175 4045 318 4129 conspici
341 4046 418 4111 dum
440 4047 504 4112 tale
527 4046 653 4113 facinus
676 4047 811 4131 faceret,
833 4046 1051 4132 properabat’.

263 4241 389 4307 Notum
412 4247 472 4322 est,
494 4243 580 4309 hunc
604 4265 698 4309 usum
721 4244 862 4329 posteris
885 4244 1088 4329 temporibos
1112 4243 1241 4329 saepius
1265 4267 1440 4311 occurrere.

263 4650 438 4737 Reliquum
462 4656 524 4737 111,
554 4657 592 4717 ut
615 4654 852 4719 coniunctionis
878 4677 951 4719 cum
975 4654 1120 4720 themate
1144 4655 1287 4736 temporis
1303 4657 1476 4736 promentis

176 4780 253 4823 usus
277 4753 468 4846 generalem
484 4760 600 4824 addam
