3609 5509
888 403 1106 467 ,58-

348 579 435 644 Dum
459 580 599 644 adventu
613 569 736 644 'matris
760 580 903 665 prosilit,
931 580 1118 663 excutitur’3
1146 579 1221 644 Sall.
1241 580 1316 666 Jug.
1335 582 1404 665 lu
1429 581 1567 646 ‘Verum
1595 604 1659 667 ego

347 685 482 750 liberius
507 686 668 770 altiusque
691 687 848 772 processi,
871 688 948 752 dum
971 711 1022 752 me
1046 688 1187 753 civitatis
1207 712 1334 753 morum
1347 690 1438 775 piget
1452 688 1662 774 taedetqne'3

346 795 435 878 tal
458 792 560 870 ‘Quae
584 816 635 858 res
657 795 850 887 plerumque·
871 817 1006 881 magnas
1027 796 1176 860 civitates
1190 820 1321 880 pessum
1336 796 1438 881 (ledit,
1460 798 1536 861 dum
1553 797 1660 861 alteri

347 901 469 967 alteros
493 902 619 969 vincere
644 902 758 990 quovis
782 904 876 971 mode
900 908 933 970 et
956 902 1059 970 victos
1083 904 1230 971 acerbius
1254 904 1366 971 ulcisci
1389 902 1523 969 volunt'.

974 1392 1018 1466 H.

371 1612 553 1668 constituit
577 1603 693 1669 ‘dum'
717 1612 910 1669 coniunctio
939 1626 1018 1668 cum
1046 1611 1228 1667 indicativo
1251 1612 1439 1681 praesentis
1462 1615 1638 1682 usurpata
1704 1651 1709 1668 1

727 1720 869 1776 actionis
892 1719 1070 1790 primariae
1094 1712 1265 1774 1111111111.

435 1906 618 1973 Particulae
633 1912 765 1973 nostrae
784 1908 888 1970 adhuc
909 1906 1120 1991 investigatio
1141 1906 1173 1970 id
1192 1929 1269 1970 sane
1294 1907 1526 1990 comprobavit,
1551 1908 1659 1993 signi-

346 2014 515 2078 ficationes
549 2016 617 2080 eius
651 2038 762 2079 omnes
800 2014 839 2077 ad
871 2036 970 2077 unam
1002 2014 1093 2078 illam
1126 2013 1292 2077 notionem
1324 2014 1537 2097 temporalem
1572 2013 1658 2099 (trie

346 2120 474 2205 Weile’,
503 2121 550 2187 ‘so
579 2120 697 2207 lange’,
725 2121 915 2206 ‘withrend')
945 2121 1128 2186 referendas
1153 2143 1222 2185 esse
1246 2125 1279 2185 et
1303 2144 1341 2184 ex
1363 2121 1425 2185 hac
1448 2124 1657 2205 repetendas

435 2335 548 2421 Neque
567 2359 643 2402 vcro
663 2337 759 2401 aliter
777 2359 828 2401 res
847 2337 882 2401 in
904 2337 967 2400 hoc
987 2358 1048 2400 usu
1068 2357 1163 2419 quem
1181 2356 1267 2399 nunc
1286 2339 1464 2399 tractamus
1488 2359 1521 2400 se
1540 2337 1657 2402 habet.

346 2443 456 2508 Altius
480 2448 590 2508 tamen
613 2467 710 2528 quarn
733 2466 831 2528 supra
852 2444 978 2507 facturn
1002 2446 1053 2505 est
1075 2464 1149 2525 nos,
1172 2445 1210 2505 ut
1231 2442 1295 2506 hoc
1318 2443 1587 2528 demonstremus,
1615 2443 1657 2507 ad

347 2552 598 2616 constructionis
635 2552 759 2617 fontem
796 2555 927 2634 oportet
965 2549 1122 2615 accedere.
1170 2547 1261 2624 Quod
1298 2571 1370 2612 cum
1407 2550 1556 2614 nomrulli
1590 2550 1655 2614 viri

347 2659 435 2722 docti
457 2682 523 2724 non
549 2658 698 2742 fecerint,
726 2657 814 2722 ‘vera
841 2656 928 2740 viai',
959 2677 1155 2740 quamquam
1179 2677 1247 2719 rem
1271 2653 1393 2738 alioqui
1416 2659 1503 2719 recte
1527 2659 1656 2737 tenent,

347 2765 533 2831 amiserunt.

435 2980 480 3045 Hi
504 2981 589 3045 enirn
613 2980 834 3045 condicionem
858 2979 963 3063 qualis
991 2980 1026 3043 in
1054 2979 1212 3044 hocloco
1237 2976 1321 3061 (Ter.
1345 2976 1405 3041 Ad.
1431 2975 1522 3064 196),
1551 2977 1655 3042 ‘Deli-

348 3089 426 3152 bera
448 3088 526 3171 hoo,
549 3088 626 3151 dum
649 3108 710 3173 ego
734 3085 850 3169 redeo',
873 3087 994 3150 eminet
1017 3086 1125 3150 animo
1150 3085 1361 3168 contemplati
1384 3085 1551 3149 notionem
1576 3083 1654 3148 ‘bis'

347 3195 396 3258 ita
427 3194 522 3258 facilc
554 3196 781 3278 explanarunt,
813 3198 850 3258 ut
883 3194 1140 3259 enuntiationem
1168 3191 1374 3256 subiunctam
1407 3192 1559 3255 continuo
1591 3213 1653 3275 pro

347 3323 493 3366 mensuro
527 3302 666 3385 quadam
693 3301 852 3382 habeant,
883 3323 948 3384 qua
984 3300 1122 3365 actionis
1159 3298 1332 3384 primariae
1368 3301 1505 3381 spolium
1541 3307 1654 3380 111111

348 3409 415 3472 rulo
437 3408 605 3472 indicetur.
651 3407 803 3471 Reddunt
833 3407 935 3491 igitur
965 3407 1160 3491 particulam
1187 3406 1292 3490 primo
1322 3402 1511 3487 ‘wahrend',
1542 3404 1577 3467 id
1600 3407 1653 3467 est

349 3514 487 3600 ‘erw'age
507 3514 583 3597 dies,
606 3514 785 3577 w'ahrend
808 3513 870 3578 ich
893 3512 1209 3596 zuriickkomme',
1233 3512 1346 3576 deinde
1370 3534 1408 3575 ex
1422 3511 1483 3574 hac
1506 3510 1652 3592 notione,

348 3627 386 3686 ut
409 3622 457 3685 ita
480 3622 594 3704 dicam,
616 3620 786 3685 1111111111
809 3620 1080 3706 significationem
1105 3620 1296 3684 1111111111
1304 3615 1327 3704 1)
1351 3617 1426 3682 ‘bis’
1451 3620 1556 3681 ortam
1579 3639 1651 3682 esse

348 3725 553 3812 affirmant2).

440 4051 533 4127 Quod
557 4050 685 4135 quidem
709 4049 887 4133 speciosius
912 4053 1044 4114 estnec
1068 4071 1087 4111 a
1110 4048 1248 4112 veritate
1276 4048 1324 4111 ita
1347 4053 1525 4130 remotum,
1551 4047 1649 4131 perti-

349 4164 406 4224 net
436 4163 546 4222 tamen
574 4157 654 4222 haec
685 4145 857 4240 explicatio
886 4156 926 4219 ad
950 4179 987 4219 ea
1014 4159 1142 4219 tantum
1167 4155 1313 4239 exempla
1336 4155 1370 4218 in
1394 4154 1528 4238 quibus,
1557 4157 1594 4217 ut
1617 4154 1650 4216 in

350 4266 422 4329 loco
446 4265 657 4346 Terentiano,
690 4263 834 4326 actiones
858 4264 988 4346 ambae,
1021 4267 1054 4326 et
1077 4262 1249 4326 subiuncta
1272 4266 1306 4325 et
1328 4261 1531 4345 principalis,
1562 4263 1651 4325 11111

346 4374 525 4455 pariterque
562 4371 716 4435 exsistere
755 4375 901 4453 possunt.
955 4369 1088 4433 Etenim
1131 4373 1168 4433 ut
1212 4369 1342 4433 omnino
1380 4368 1649 4453 significationem

352 4477 527 4544 ‘wahrend’
551 4501 610 4562 pro
642 4478 806 4560 primitiva
832 4478 866 4541 in
897 4477 960 4541 hoc
992 4500 1052 4541 usu
1085 4477 1277 4558 habeamus,
1306 4498 1437 4541 necesse
1461 4479 1526 4552 est,
1557 4473 1649 4538 utin

443 4692 469 4759 1)
488 4687 602 4742 Scilicet
619 4688 769 4742 terminum
788 4687 908 4741 actionis
927 4686 1063 4742 indicans.

442 4780 469 4849 2)
488 4778 541 4832 Pro
560 4776 745 4847 longitudinis
763 4776 887 4848 imagine
906 4776 1020 4832 termini
1038 4775 1152 4832 notione
1171 4775 1332 4832 substituta.
