3609 5509
726 769 872 847 'D.

267 960 316 1015 De
339 947 446 1014 ‘dum'
470 957 631 1016 adverbio
655 958 903 1030 conduplicata
927 957 997 1014 sive
1022 958 1065 1014 de
1088 958 1250 1017 adverbio
1275 949 1443 1018 ‘dudum'.

292 1144 332 1210 In
357 1137 556 1233 etymologia
586 1146 715 1231 quidem
737 1147 833 1211 huius
857 1146 1001 1211 adverbii
1029 1145 1109 1210 mire
1133 1147 1253 1211 erravit
1275 1147 1310 1212 P.
1334 1147 1507 1235 Langenus

204 1253 319 1337 (Beitr.
342 1277 367 1317 z.
391 1253 475 1318 Krit.
499 1255 563 1318 und
586 1254 713 1319 Erkliir.
738 1255 765 1318 d.
786 1253 931 1337 Plautus,
953 1276 983 1336 p.
999 1253 1041 1318 33
1057 1250 1149 1339 sqq).
1195 1253 1399 1342 Quamquam
1423 1256 1508 1322 enim

206 1361 275 1425 cius
299 1361 570 1446 significationem
594 1359 695 1446 (Brix.
720 1362 759 1425 ad
783 1360 868 1425 Trin.
892 1384 921 1424 v.
945 1356 1025 1444 430)
1057 1360 1186 1425 omnino
1211 1367 1297 1427 recte
1325 1365 1432 1445 tenet,
1455 1362 1506 1426 his

205 1467 365 1533 Prisciani
393 1467 490 1554 (Keil.
517 1469 537 1532 l.
569 1491 594 1533 c.
618 1467 685 1554 ΠΙ,
713 1492 744 1553 p.
777 1465 856 1553 479)
886 1467 994 1531 verbis
1025 1489 1059 1531 se
1090 1467 1223 1532 addicit:
1251 1466 1394 1533 ‘Dudum
1425 1492 1506 1554 quae

205 1597 280 1659 pars
305 1574 461 1639 orationis
485 1576 557 1639 est?
604 1574 803 1639 Adverbium
831 1578 881 1638 est
908 1574 1066 1659 temporis
1074 1626 1214 1640 .......
1235 1579 1268 1640 et
1295 1579 1412 1660 putant
1440 1577 1508 1661 qui-

206 1682 279 1746 dam
303 1682 422 1746 dudum
446 1682 539 1767 quasi
563 1682 617 1746 diu
636 1682 712 1746 dum
736 1681 824 1746 dici':
849 1704 873 1745 e.
894 1703 923 1765 q.
948 1703 993 1745 a..
1019 1679 1081 1745 Sed
1103 1682 1318 1749 diuturnitatis
1339 1683 1506 1748 notionem

205 1788 348 1853 ‘dudum’
371 1812 406 1853 re
425 1811 501 1854 vera
513 1789 637 1854 nullam
656 1789 763 1872 habet,
787 1810 859 1854 cum
879 1789 920 1853 ad
938 1788 1035 1854 breve
1058 1790 1215 1873 temporis
1240 1791 1383 1874 spatium
1405 1813 1506 1875 paene

180 1885 333 1982 =sempor
357 1901 490 1982 spectet.

294 2094 409 2178 Itaque
432 2092 596 2178 Boppium
615 2093 706 2177 sequi
729 2094 832 2178 malo,
856 2094 913 2177 qui
935 2093 1060 2177 primus
1084 2116 1123 2157 ex
1146 2094 1310 2177 duplicato
1335 2090 1434 2159 ‘dum'
1459 2114 1508 2157 or·

205 2205 276 2265 tum
306 2223 376 2266 esse
408 2199 550 2265 ‘dudum'
580 2199 753 2284 perspexit.
807 2197 944 2265 Accedit
970 2198 1073 2284 igitur
1104 2200 1143 2264 ad
1171 2222 1282 2264 earum
1311 2200 1509 2264 locutionem

205 2331 391 2393 numerum,
422 2309 506 2374 sieut
530 2306 693 2392 ‘iamiam’,
717 2306 785 2371 ‘ubi
808 2306 886 2392 ubi',
911 2306 960 2370 ‘ut
982 2305 1041 2392 ut',
1065 2328 1145 2390 quas
1169 2306 1353 2391 compesuit
1376 2304 1509 2370 Woelff-

205 2414 291 2480 linus
315 2412 350 2501 (l.
374 2438 414 2498 c,
436 2439 467 2500 p.
490 2416 555 2481 456
579 2412 672 2500 sqq).
717 2413 763 2478 Et
789 2413 885 2478 hodie
908 2413 1056 2478 homines
1080 2413 1214 2478 verbum
1238 2413 1382 2497 aliquod,
1414 2418 1452 2478 ut
1474 2413 1509 2478 in

205 2522 349 2587 animum
386 2522 454 2588 cius
493 2523 548 2605 qui
585 2521 676 2585 audit
712 2521 817 2606 magis
853 2523 1017 2605 penetret,
1052 2520 1103 2584 bis
1139 2520 1349 2605 pronuntiare
1386 2520 1509 2605 passim

205 2629 359 2694 videmus.

296 2823 437 2900 Quaerat
470 2825 640 2909 quispiam,
673 2847 730 2889 cur
767 2823 909 2888 ‘dudum'
947 2826 1086 2909 primam
1124 2825 1284 2909 syllabam
1315 2826 1507 2909 productam

204 2933 339 3019 habeat,
361 2956 428 2998 non
450 2936 488 2996 ut
519 2930 619 2996 ‘dum'
653 2936 835 3016 correptam
843 2930 876 3018 1).
922 2931 1028 2997 Huius
1052 2933 1099 2996 rei
1127 2954 1241 2997 causae
1266 2935 1354 3016 sunt,
1381 2935 1419 2996 ut
1443 2932 1509 3016 cpi-

205 3061 280 3123 nor,
312 3040 400 3104 duae.
447 3038 593 3104 Primum
624 3040 739 3123 cupido
768 3043 936 3124 tamquam
965 3039 1165 3104 clandestina
1193 3042 1263 3103 erat
1291 3039 1450 3123 syllabam
1473 3038 1508 3103 in

205 3147 444 3231 pronuntiando
469 3147 692 3230 protrahendi,
719 3151 756 3210 ut
779 3146 825 3211 sic
855 3146 967 3212 littera
994 3147 1122 3231 perdita
1152 3144 1207 3211 ‘m'
1237 3149 1508 3229 compensaretur.

206 3252 379 3317 Praeterea
407 3257 575 3337 acceperat
611 3253 738 3338 syllaba
771 3256 952 3338 accentum,
980 3254 1036 3337 qui
1069 3276 1163 3337 saepe
1196 3254 1236 3316 ad
1267 3252 1508 3337 producendum

207 3360 346 3424 multum
374 3359 468 3424 valet.
515 3360 603 3437 Quae
637 3360 766 3445 quidem
794 3355 988 3446 argumenta
1016 3360 1147 3426 omnino
1175 3360 1253 3424 viris
1281 3359 1386 3424 doctis
1408 3359 1509 3423 notis-

207 3465 289 3529 sima
312 3469 397 3530 sunt.
442 3465 652 3552 Etymologia
670 3467 718 3532 ita
737 3468 924 3544 constituta,
948 3471 1060 3551 restat,
1083 3472 1120 3532 ut
1139 3465 1283 3531 adverbii
1301 3465 1510 3552 significatio·

205 3594 279 3638 nem
303 3573 343 3636 ad
367 3573 451 3638 hanc
475 3574 630 3657 quadrare
656 3575 833 3639 ostendam.

293 3767 461 3835 Vertimus
485 3774 593 3835 autem
616 3771 699 3835 hanc
723 3771 922 3855 duplicatam
949 3771 1088 3834 formam
1120 3769 1213 3835 ‘eben
1245 3768 1354 3855 ebcn',
1382 3770 1417 3835 in
1445 3792 1509 3854 qua

206 3877 369 3941 locutione
396 3882 434 3942 ut
460 3878 494 3942 in
518 3877 661 3943 ‘dudum'
684 3879 775 3942 nulla
805 3878 962 3963 temporis
989 3877 1158 3962 praeteriti
1185 3878 1277 3942 notio
1304 3899 1337 3943 re
1363 3898 1436 3942 veru
1462 3877 1510 3941 in-

206 3987 266 4050 est.
314 3982 421 4048 Verba
447 3984 550 4070 igitur
579 3983 711 4050 ‘dudum
734 3985 818 4050 veni'
847 3986 893 4050 sic
922 3985 1082 4049 reddenda
1105 3989 1193 4048 sunt:
1221 3984 1286 4049 ‘ich
1313 3985 1370 4049 bin
1399 3982 1509 4070 (eben)

207 4088 320 4176 ebeffl)
349 4091 565 4177 gekommen',
594 4096 782 4177 manatque‚
813 4093 848 4157 ni
878 4092 988 4173 fallor,
1006 4102 1058 4157 'ex
1086 4092 1203 4156 verbo
1232 4089 1341 4155 ‘veni’
1366 4090 1509 4156 adverbii

207 4198 363 4282 temporis
387 4199 492 4264 exacti
514 4198 713 4264 notiuncula.

297 4395 323 4461 1)
343 4391 383 4446 cf.
404 4391 524 4447 Kiihner.
562 4391 703 4447 Ausfdhrl.
724 4391 816 4447 (tram.
837 4393 862 4447 d.
882 4394 944 4447 Lat.
965 4393 1110 4462 spr.1,p.
1132 4397 1172 4447 71.

296 4485 323 4551 2)
343 4480 415 4535 Sane
435 4481 541 4535 dudum
559 4498 615 4535 non
628 4498 741 4550 prorsus
755 4480 831 4536 idem
845 4480 987 4551 significat
1001 4500 1085 4550 quam
1101 4482 1195 4536 ‘modo
1209 4481 1315 4548 modo'‚
1330 4480 1507 4537 desideratur

206 4572 302 4624 tamen
319 4569 423 4624 locutio
442 4569 607 4638 Theodisca‚
627 4587 700 4638 quae
717 4570 790 4623 illud
807 4579 934 4627 commate
959 4572 1067 4626 reddat.
1113 4570 1236 4625 Maxime
1264 4572 1508 4625 commemoranda

208 4662 252 4713 est
269 4661 374 4716 tricertu
392 4660 437 4728 (cf.
457 4660 585 4729 exempla
603 4659 677 4713 infra
694 4659 849 4729 laudanda)
868 4659 929 4714 eius
947 4663 1057 4728 natura,
1082 4676 1167 4728 quam
1185 4677 1219 4715 ex
1238 4659 1382 4729 duplicato
1403 4662 1507 4728 ‘dum’,

208 4747 341 4803 adverbio
356 4751 442 4819 pleae
460 4750 604 4816 indefinito
623 4748 694 4816 (‘die
712 4747 837 4818 Weile’)‚
856 4752 941 4804 nacta
960 4752 1011 4804 est.
