<?xml version="1.0" encoding="UTF-8"?>
<!DOCTYPE html PUBLIC "-//W3C//DTD XHTML 1.0 Transitional//EN"
    "http://www.w3.org/TR/xhtml1/DTD/xhtml1-transitional.dtd">
<html xmlns="http://www.w3.org/1999/xhtml" xml:lang="en" lang="en">
 <head>
  <title>
</title>
<meta http-equiv="Content-Type" content="text/html;charset=utf-8" />
  <meta name='ocr-system' content='tesseract 3.04.00' />
  <meta name='ocr-capabilities' content='ocr_page ocr_carea ocr_par ocr_line ocrx_word'/>
</head>
<body>
  <div class='ocr_page' id='page_1' title='image "./dedumparticulae00richgoog_0019.png"; bbox 0 0 3609 5509; ppageno 0'>
   <div class='ocr_carea' id='block_1_1' title="bbox 774 414 990 478">
    <p class='ocr_par' dir='ltr' id='par_1_1' title="bbox 774 414 990 478">
     <span class='ocr_line' id='line_1_1' title="bbox 774 414 990 478; baseline 0 -21"><span class='ocrx_word' id='word_1_1' title='bbox 774 449 811 457; x_wconf 76' lang='grc'><strong>-</strong></span> <span class='ocrx_word' id='word_1_2' title='bbox 863 414 902 478; x_wconf 83' lang='lat'><strong>13</strong></span> <span class='ocrx_word' id='word_1_3' title='bbox 941 425 990 457; x_wconf 54' lang='grc'><strong>’-</strong></span> 
     </span>
    </p>
   </div>
   <div class='ocr_carea' id='block_1_2' title="bbox 225 583 1531 760">
    <p class='ocr_par' dir='ltr' id='par_1_2' title="bbox 225 583 1531 760">
     <span class='ocr_line' id='line_1_2' title="bbox 227 583 1531 660; baseline 0.009 -12"><span class='ocrx_word' id='word_1_4' title='bbox 227 583 318 649; x_wconf 91' lang='lat' dir='ltr'><strong>Unus</strong></span> <span class='ocrx_word' id='word_1_5' title='bbox 337 591 444 651; x_wconf 81' lang='lat' dir='ltr'><strong>exstat</strong></span> <span class='ocrx_word' id='word_1_6' title='bbox 463 587 553 652; x_wconf 92' lang='lat' dir='ltr'><strong>locus</strong></span> <span class='ocrx_word' id='word_1_7' title='bbox 572 587 800 653; x_wconf 77' lang='lat' dir='ltr'>Terentianus:</span> <span class='ocrx_word' id='word_1_8' title='bbox 823 590 955 655; x_wconf 90' lang='lat' dir='ltr'><strong>Phorm.</strong></span> <span class='ocrx_word' id='word_1_9' title='bbox 971 591 1037 657; x_wconf 76' lang='lat'><strong>524</strong></span> <span class='ocrx_word' id='word_1_10' title='bbox 1061 590 1142 656; x_wconf 73' lang='lat' dir='ltr'><strong>‘Vix</strong></span> <span class='ocrx_word' id='word_1_11' title='bbox 1165 593 1240 656; x_wconf 75' lang='lat' dir='ltr'><strong>dnm</strong></span> <span class='ocrx_word' id='word_1_12' title='bbox 1260 594 1429 659; x_wconf 90' lang='lat' dir='ltr'><strong>dimidium</strong></span> <span class='ocrx_word' id='word_1_13' title='bbox 1448 596 1531 660; x_wconf 86' lang='lat' dir='ltr'><strong>dixe·</strong></span> 
     </span>
     <span class='ocr_line' id='line_1_3' title="bbox 225 694 1418 760; baseline 0.009 -5"><span class='ocrx_word' id='word_1_14' title='bbox 225 715 295 757; x_wconf 89' lang='lat' dir='ltr'><strong>ram</strong></span> <span class='ocrx_word' id='word_1_15' title='bbox 318 694 550 760; x_wconf 86' lang='lat' dir='ltr'><strong>intellexerat&#39;.</strong></span> <span class='ocrx_word' id='word_1_16' title='bbox 1415 707 1418 712; x_wconf 76' lang='grc'><strong><em>’</em></strong></span> 
     </span>
    </p>
   </div>
   <div class='ocr_carea' id='block_1_3' title="bbox 159 925 1533 1334">
    <p class='ocr_par' dir='ltr' id='par_1_3' title="bbox 159 925 1533 1334">
     <span class='ocr_line' id='line_1_4' title="bbox 314 925 1533 1000; baseline 0.008 -10"><span class='ocrx_word' id='word_1_17' title='bbox 314 925 450 998; x_wconf 83' lang='lat' dir='ltr'><strong>Accedit</strong></span> <span class='ocrx_word' id='word_1_18' title='bbox 465 926 565 992; x_wconf 72' lang='lat' dir='ltr'><strong>‘dum&#39;</strong></span> <span class='ocrx_word' id='word_1_19' title='bbox 583 927 616 992; x_wconf 82' lang='lat' dir='ltr'><strong>vi</strong></span> <span class='ocrx_word' id='word_1_20' title='bbox 640 929 866 994; x_wconf 81' lang='lat' dir='ltr'><strong>confirmativa</strong></span> <span class='ocrx_word' id='word_1_21' title='bbox 889 934 922 994; x_wconf 92' lang='lat' dir='ltr'><strong>et</strong></span> <span class='ocrx_word' id='word_1_22' title='bbox 946 930 1203 996; x_wconf 83' lang='lat' dir='ltr'><strong>demonstrativa</strong></span> <span class='ocrx_word' id='word_1_23' title='bbox 1226 933 1379 998; x_wconf 86' lang='lat' dir='ltr'><strong>adverbio</strong></span> <span class='ocrx_word' id='word_1_24' title='bbox 1400 934 1533 1000; x_wconf 78' lang='lat' dir='ltr'><strong>‘nunc&#39;z</strong></span> 
     </span>
     <span class='ocr_line' id='line_1_5' title="bbox 214 1031 1531 1124; baseline 0.009 -29"><span class='ocrx_word' id='word_1_25' title='bbox 214 1031 330 1105; x_wconf 10' lang='lat' dir='ltr'><strong>*Plaut</strong></span> <span class='ocrx_word' id='word_1_26' title='bbox 353 1033 445 1099; x_wconf 74' lang='lat' dir='ltr'><strong>Cure.</strong></span> <span class='ocrx_word' id='word_1_27' title='bbox 470 1035 535 1099; x_wconf 79' lang='lat'><strong>243</strong></span> <span class='ocrx_word' id='word_1_28' title='bbox 566 1034 662 1119; x_wconf 75' lang='lat' dir='ltr'><strong>‘quin</strong></span> <span class='ocrx_word' id='word_1_29' title='bbox 691 1041 728 1100; x_wconf 91' lang='lat' dir='ltr'><strong>tu</strong></span> <span class='ocrx_word' id='word_1_30' title='bbox 758 1036 885 1121; x_wconf 91' lang='lat' dir='ltr'><strong>aliquot</strong></span> <span class='ocrx_word' id='word_1_31' title='bbox 915 1037 983 1102; x_wconf 89' lang='lat' dir='ltr'><strong>dies</strong></span> <span class='ocrx_word' id='word_1_32' title='bbox 1007 1037 1164 1124; x_wconf 81' lang='lat' dir='ltr'><strong>Perdrira‚</strong></span> <span class='ocrx_word' id='word_1_33' title='bbox 1196 1039 1272 1102; x_wconf 92' lang='lat' dir='ltr'><strong>dum</strong></span> <span class='ocrx_word' id='word_1_34' title='bbox 1295 1041 1453 1105; x_wconf 88' lang='lat' dir='ltr'><strong>intestina</strong></span> <span class='ocrx_word' id='word_1_35' title='bbox 1481 1067 1531 1107; x_wconf 86' lang='lat' dir='ltr'><strong>ex·</strong></span> 
     </span>
     <span class='ocr_line' id='line_1_6' title="bbox 159 1140 1531 1234; baseline 0.011 -34"><span class='ocrx_word' id='word_1_36' title='bbox 159 1197 160 1200; x_wconf 74' lang='grc'>,</span> <span class='ocrx_word' id='word_1_37' title='bbox 224 1144 399 1223; x_wconf 90' lang='lat' dir='ltr'><strong>putescunt</strong></span> <span class='ocrx_word' id='word_1_38' title='bbox 427 1141 503 1205; x_wconf 86' lang='lat' dir='ltr'><strong>tibi:</strong></span> <span class='ocrx_word' id='word_1_39' title='bbox 539 1140 639 1225; x_wconf 33' lang='lat' dir='ltr'><strong>Nunc,</strong></span> <span class='ocrx_word' id='word_1_40' title='bbox 659 1143 735 1208; x_wconf 83' lang='lat' dir='ltr'><strong>dum</strong></span> <span class='ocrx_word' id='word_1_41' title='bbox 759 1144 884 1208; x_wconf 87' lang='lat' dir='ltr'><strong>salsura</strong></span> <span class='ocrx_word' id='word_1_42' title='bbox 913 1150 964 1209; x_wconf 90' lang='lat' dir='ltr'><strong>sat</strong></span> <span class='ocrx_word' id='word_1_43' title='bbox 992 1145 1127 1209; x_wconf 90' lang='lat' dir='ltr'><strong>bonast&#39;</strong></span> <span class='ocrx_word' id='word_1_44' title='bbox 1151 1168 1176 1209; x_wconf 91' lang='lat' dir='ltr'><strong>e.</strong></span> <span class='ocrx_word' id='word_1_45' title='bbox 1197 1168 1226 1230; x_wconf 90' lang='lat' dir='ltr'><strong>q.</strong></span> <span class='ocrx_word' id='word_1_46' title='bbox 1246 1169 1269 1211; x_wconf 91' lang='lat' dir='ltr'><strong>s.</strong></span> <span class='ocrx_word' id='word_1_47' title='bbox 1298 1186 1339 1194; x_wconf 88' lang='lat'><strong>-</strong></span> <span class='ocrx_word' id='word_1_48' title='bbox 1370 1150 1432 1214; x_wconf 90' lang='lat' dir='ltr'><strong>hac</strong></span> <span class='ocrx_word' id='word_1_49' title='bbox 1460 1172 1531 1234; x_wconf 83' lang='lat' dir='ltr'><strong>gra-</strong></span> 
     </span>
     <span class='ocr_line' id='line_1_7' title="bbox 224 1244 1081 1334; baseline 0.006 -24"><span class='ocrx_word' id='word_1_50' title='bbox 224 1246 313 1311; x_wconf 91' lang='lat' dir='ltr'><strong>viore</strong></span> <span class='ocrx_word' id='word_1_51' title='bbox 336 1247 546 1313; x_wconf 91' lang='lat' dir='ltr'><strong>distinctione</strong></span> <span class='ocrx_word' id='word_1_52' title='bbox 571 1246 608 1334; x_wconf 79' lang='lat'><strong>(2)</strong></span> <span class='ocrx_word' id='word_1_53' title='bbox 631 1254 707 1333; x_wconf 90' lang='lat' dir='ltr'><strong>post</strong></span> <span class='ocrx_word' id='word_1_54' title='bbox 731 1249 825 1314; x_wconf 76' lang='lat' dir='ltr'><strong>‘cibi&#39;</strong></span> <span class='ocrx_word' id='word_1_55' title='bbox 850 1273 932 1334; x_wconf 90' lang='lat' dir='ltr'><strong>opus</strong></span> <span class='ocrx_word' id='word_1_56' title='bbox 956 1244 1007 1315; x_wconf 75' lang='lat' dir='ltr'><strong>e&#39;st</strong></span> <span class='ocrx_word' id='word_1_57' title='bbox 1031 1289 1081 1314; x_wconf 87' lang='lat'><strong>-.</strong></span> 
     </span>
    </p>
   </div>
   <div class='ocr_carea' id='block_1_4' title="bbox 316 1496 1148 1586">
    <p class='ocr_par' dir='ltr' id='par_1_4' title="bbox 316 1496 1148 1586">
     <span class='ocr_line' id='line_1_8' title="bbox 316 1496 1148 1586; baseline 0.006 -24"><span class='ocrx_word' id='word_1_58' title='bbox 316 1496 474 1563; x_wconf 78' lang='lat' dir='ltr'><strong>Similiter</strong></span> <span class='ocrx_word' id='word_1_59' title='bbox 502 1498 632 1563; x_wconf 91' lang='lat' dir='ltr'><strong>additur</strong></span> <span class='ocrx_word' id='word_1_60' title='bbox 656 1498 764 1565; x_wconf 77' lang='lat' dir='ltr'><strong>‘dum&#39;</strong></span> <span class='ocrx_word' id='word_1_61' title='bbox 789 1501 941 1566; x_wconf 86' lang='lat' dir='ltr'><strong>adverbio</strong></span> <span class='ocrx_word' id='word_1_62' title='bbox 966 1501 1148 1586; x_wconf 76' lang='lat' dir='ltr'><strong>‘primum&#39;.</strong></span> 
     </span>
    </p>
   </div>
   <div class='ocr_carea' id='block_1_5' title="bbox 217 1745 1528 2160">
    <p class='ocr_par' dir='ltr' id='par_1_5' title="bbox 217 1745 1528 2160">
     <span class='ocr_line' id='line_1_9' title="bbox 312 1745 1527 1842; baseline 0.009 -33"><span class='ocrx_word' id='word_1_63' title='bbox 312 1745 551 1811; x_wconf 80' lang='lat' dir='ltr'><strong>Primdmdum:</strong></span> <span class='ocrx_word' id='word_1_64' title='bbox 574 1746 681 1812; x_wconf 87' lang='lat' dir='ltr'><strong>Plaut.</strong></span> <span class='ocrx_word' id='word_1_65' title='bbox 703 1747 821 1813; x_wconf 81' lang='lat' dir='ltr'>Bacch.</span> <span class='ocrx_word' id='word_1_66' title='bbox 845 1747 910 1812; x_wconf 78' lang='lat'><strong>259</strong></span> <span class='ocrx_word' id='word_1_67' title='bbox 939 1748 1179 1842; x_wconf 77' lang='lat' dir='ltr'><strong>‘Primrimdum</strong></span> <span class='ocrx_word' id='word_1_68' title='bbox 1202 1750 1325 1817; x_wconf 88' lang='lat' dir='ltr'><strong>infitias</strong></span> <span class='ocrx_word' id='word_1_69' title='bbox 1348 1753 1395 1818; x_wconf 89' lang='lat' dir='ltr'><strong>ire</strong></span> <span class='ocrx_word' id='word_1_70' title='bbox 1419 1757 1527 1840; x_wconf 91' lang='lat' dir='ltr'><strong>coepit</strong></span> 
     </span>
     <span class='ocr_line' id='line_1_10' title="bbox 223 1852 1525 1945; baseline 0.008 -28"><span class='ocrx_word' id='word_1_71' title='bbox 223 1852 323 1938; x_wconf 82' lang='lat' dir='ltr'><strong>filio&#39;3</strong></span> <span class='ocrx_word' id='word_1_72' title='bbox 345 1852 443 1918; x_wconf 86' lang='lat' dir='ltr'><strong>Most.</strong></span> <span class='ocrx_word' id='word_1_73' title='bbox 460 1855 524 1918; x_wconf 81' lang='lat'><strong>120</strong></span> <span class='ocrx_word' id='word_1_74' title='bbox 548 1853 789 1919; x_wconf 79' lang='lat' dir='ltr'><strong>‘Primumdum</strong></span> <span class='ocrx_word' id='word_1_75' title='bbox 813 1858 965 1939; x_wconf 75' lang='lat' dir='ltr'><strong>parentes</strong></span> <span class='ocrx_word' id='word_1_76' title='bbox 985 1856 1070 1921; x_wconf 86' lang='lat' dir='ltr'><strong>fabri</strong></span> <span class='ocrx_word' id='word_1_77' title='bbox 1089 1857 1229 1921; x_wconf 76' lang='lat' dir='ltr'><strong>liberum</strong></span> <span class='ocrx_word' id='word_1_78' title='bbox 1248 1860 1354 1945; x_wconf 78' lang='lat' dir='ltr'><strong>sunt&#39;3</strong></span> <span class='ocrx_word' id='word_1_79' title='bbox 1377 1861 1469 1927; x_wconf 82' lang='lat' dir='ltr'><strong>Truc.</strong></span> <span class='ocrx_word' id='word_1_80' title='bbox 1485 1865 1525 1928; x_wconf 85' lang='lat'><strong>31</strong></span> 
     </span>
     <span class='ocr_line' id='line_1_11' title="bbox 217 1958 1528 2049; baseline 0.009 -27"><span class='ocrx_word' id='word_1_81' title='bbox 217 1958 465 2035; x_wconf 62' lang='lat' dir='ltr'><strong>fPrimdmdum</strong></span> <span class='ocrx_word' id='word_1_82' title='bbox 493 1984 615 2027; x_wconf 88' lang='lat' dir='ltr'><strong>merces</strong></span> <span class='ocrx_word' id='word_1_83' title='bbox 643 1985 762 2027; x_wconf 91' lang='lat' dir='ltr'><strong>annua:</strong></span> <span class='ocrx_word' id='word_1_84' title='bbox 792 1964 823 2027; x_wconf 90' lang='lat' dir='ltr'><strong>-is</strong></span> <span class='ocrx_word' id='word_1_85' title='bbox 851 1962 975 2047; x_wconf 90' lang='lat' dir='ltr'><strong>primus</strong></span> <span class='ocrx_word' id='word_1_86' title='bbox 999 1964 1144 2049; x_wconf 78' lang='lat' dir='ltr'><strong>bolust&#39;3</strong></span> <span class='ocrx_word' id='word_1_87' title='bbox 1180 1967 1245 2030; x_wconf 82' lang='lat'><strong>384</strong></span> <span class='ocrx_word' id='word_1_88' title='bbox 1274 1965 1376 2043; x_wconf 75' lang='lat' dir='ltr'><strong>‘Quid</strong></span> <span class='ocrx_word' id='word_1_89' title='bbox 1399 1969 1432 2032; x_wconf 94' lang='lat' dir='ltr'><strong>id</strong></span> <span class='ocrx_word' id='word_1_90' title='bbox 1455 1971 1528 2034; x_wconf 75' lang='lat' dir='ltr'><strong>est?</strong></span> 
     </span>
     <span class='ocr_line' id='line_1_12' title="bbox 223 2066 1528 2160; baseline 0.008 -31"><span class='ocrx_word' id='word_1_91' title='bbox 223 2066 443 2150; x_wconf 84' lang='lat' dir='ltr'><strong>primumdum</strong></span> <span class='ocrx_word' id='word_1_92' title='bbox 465 2089 564 2153; x_wconf 90' lang='lat' dir='ltr'><strong>quom</strong></span> <span class='ocrx_word' id='word_1_93' title='bbox 586 2070 649 2133; x_wconf 91' lang='lat' dir='ltr'><strong>tu’s</strong></span> <span class='ocrx_word' id='word_1_94' title='bbox 674 2074 768 2136; x_wconf 85' lang='lat' dir='ltr'><strong>aucta</strong></span> <span class='ocrx_word' id='word_1_95' title='bbox 791 2068 919 2134; x_wconf 90' lang='lat' dir='ltr'><strong>liberis&#39;</strong></span> <span class='ocrx_word' id='word_1_96' title='bbox 940 2093 965 2134; x_wconf 90' lang='lat' dir='ltr'><strong>c.</strong></span> <span class='ocrx_word' id='word_1_97' title='bbox 986 2092 1015 2153; x_wconf 40' lang='lat' dir='ltr'><strong>qr</strong></span> <span class='ocrx_word' id='word_1_98' title='bbox 1036 2094 1060 2136; x_wconf 92' lang='lat' dir='ltr'><strong>s.</strong></span> <span class='ocrx_word' id='word_1_99' title='bbox 1080 2069 1134 2158; x_wconf 85' lang='lat' dir='ltr'><strong>(cf.</strong></span> <span class='ocrx_word' id='word_1_100' title='bbox 1150 2070 1287 2138; x_wconf 86' lang='lat' dir='ltr'><strong>Schoell.</strong></span> <span class='ocrx_word' id='word_1_101' title='bbox 1302 2074 1396 2139; x_wconf 79' lang='lat' dir='ltr'><strong>Anat.</strong></span> <span class='ocrx_word' id='word_1_102' title='bbox 1411 2074 1528 2160; x_wconf 83' lang='lat' dir='ltr'><strong>Plaut,</strong></span> 
     </span>
    </p>
   </div>
   <div class='ocr_carea' id='block_1_6' title="bbox 222 2172 379 2261">
    <p class='ocr_par' dir='ltr' id='par_1_6' title="bbox 222 2172 379 2261">
     <span class='ocr_line' id='line_1_13' title="bbox 222 2172 379 2261; baseline 0.025 -4"><span class='ocrx_word' id='word_1_103' title='bbox 222 2196 253 2257; x_wconf 80' lang='lat' dir='ltr'><strong>r·</strong></span> <span class='ocrx_word' id='word_1_104' title='bbox 274 2176 293 2239; x_wconf 83' lang='lat'>8</span> <span class='ocrx_word' id='word_1_105' title='bbox 309 2172 379 2261; x_wconf 71' lang='lat' dir='ltr'><strong>sn)-</strong></span> 
     </span>
    </p>
   </div>
   <div class='ocr_carea' id='block_1_7' title="bbox 222 2423 1526 2619">
    <p class='ocr_par' dir='ltr' id='par_1_7' title="bbox 222 2423 1526 2619">
     <span class='ocr_line' id='line_1_14' title="bbox 312 2423 1526 2514; baseline 0.007 -25"><span class='ocrx_word' id='word_1_106' title='bbox 312 2423 474 2490; x_wconf 75' lang='lat' dir='ltr'><strong>‘Primum</strong></span> <span class='ocrx_word' id='word_1_107' title='bbox 494 2425 600 2490; x_wconf 81' lang='lat' dir='ltr'><strong>ddm&#39;:</strong></span> <span class='ocrx_word' id='word_1_108' title='bbox 624 2426 730 2491; x_wconf 89' lang='lat' dir='ltr'><strong>Plaut.</strong></span> <span class='ocrx_word' id='word_1_109' title='bbox 741 2426 809 2490; x_wconf 90' lang='lat' dir='ltr'><strong>Mil.</strong></span> <span class='ocrx_word' id='word_1_110' title='bbox 821 2426 885 2491; x_wconf 76' lang='lat'><strong>298</strong></span> <span class='ocrx_word' id='word_1_111' title='bbox 910 2424 1073 2492; x_wconf 76' lang='lat' dir='ltr'><strong>‘Primum</strong></span> <span class='ocrx_word' id='word_1_112' title='bbox 1092 2428 1183 2514; x_wconf 85' lang='lat' dir='ltr'><strong>dum,</strong></span> <span class='ocrx_word' id='word_1_113' title='bbox 1206 2428 1234 2492; x_wconf 90' lang='lat' dir='ltr'><strong>si</strong></span> <span class='ocrx_word' id='word_1_114' title='bbox 1252 2428 1337 2494; x_wconf 87' lang='lat' dir='ltr'><strong>falso</strong></span> <span class='ocrx_word' id='word_1_115' title='bbox 1356 2431 1526 2497; x_wconf 82' lang='lat' dir='ltr'><strong>insimulas</strong></span> 
     </span>
     <span class='ocr_line' id='line_1_15' title="bbox 222 2531 782 2619; baseline 0.005 -24"><span class='ocrx_word' id='word_1_116' title='bbox 222 2531 514 2619; x_wconf 81' lang='lat' dir='ltr'><strong>Philocomasium,</strong></span> <span class='ocrx_word' id='word_1_117' title='bbox 537 2534 599 2598; x_wconf 92' lang='lat' dir='ltr'><strong>hoc</strong></span> <span class='ocrx_word' id='word_1_118' title='bbox 622 2532 782 2617; x_wconf 88' lang='lat' dir='ltr'><strong>perieris&#39;.</strong></span> 
     </span>
    </p>
   </div>
   <div class='ocr_carea' id='block_1_8' title="bbox 221 2778 1525 3103">
    <p class='ocr_par' dir='ltr' id='par_1_8' title="bbox 221 2778 1525 3103">
     <span class='ocr_line' id='line_1_16' title="bbox 313 2778 1525 2890; baseline 0.007 -26"><span class='ocrx_word' id='word_1_119' title='bbox 313 2799 539 2866; x_wconf 74' lang='lat' dir='ltr'><strong>Primumdum</strong></span> <span class='ocrx_word' id='word_1_120' title='bbox 561 2802 596 2866; x_wconf 92' lang='lat' dir='ltr'><strong>in</strong></span> <span class='ocrx_word' id='word_1_121' title='bbox 620 2801 767 2866; x_wconf 88' lang='lat' dir='ltr'><strong>elisione:</strong></span> <span class='ocrx_word' id='word_1_122' title='bbox 790 2778 896 2868; x_wconf 83' lang='lat' dir='ltr'><strong>Plaut.</strong></span> <span class='ocrx_word' id='word_1_123' title='bbox 911 2799 1008 2867; x_wconf 92' lang='lat' dir='ltr'><strong>Most.</strong></span> <span class='ocrx_word' id='word_1_124' title='bbox 1023 2803 1089 2869; x_wconf 80' lang='lat'><strong>400</strong></span> <span class='ocrx_word' id='word_1_125' title='bbox 1113 2788 1281 2870; x_wconf 69' lang='lat' dir='ltr'><strong>‘Omnium</strong></span> <span class='ocrx_word' id='word_1_126' title='bbox 1304 2807 1525 2890; x_wconf 86' lang='lat' dir='ltr'><strong>primumdum</strong></span> 
     </span>
     <span class='ocr_line' id='line_1_17' title="bbox 221 2907 1525 2997; baseline 0.005 -26"><span class='ocrx_word' id='word_1_127' title='bbox 221 2907 301 2972; x_wconf 88' lang='lat' dir='ltr'><strong>haec</strong></span> <span class='ocrx_word' id='word_1_128' title='bbox 329 2909 423 2973; x_wconf 84' lang='lat' dir='ltr'><strong>aedes</strong></span> <span class='ocrx_word' id='word_1_129' title='bbox 451 2910 517 2974; x_wconf 89' lang='lat' dir='ltr'><strong>iam</strong></span> <span class='ocrx_word' id='word_1_130' title='bbox 545 2909 615 2973; x_wconf 88' lang='lat' dir='ltr'><strong>face</strong></span> <span class='ocrx_word' id='word_1_131' title='bbox 643 2909 801 2973; x_wconf 85' lang='lat' dir='ltr'><strong>occlusae</strong></span> <span class='ocrx_word' id='word_1_132' title='bbox 819 2909 934 2994; x_wconf 79' lang='lat' dir='ltr'><strong>sient&#39;3</strong></span> <span class='ocrx_word' id='word_1_133' title='bbox 970 2909 1118 2975; x_wconf 74' lang='grc'>11111132</span> <span class='ocrx_word' id='word_1_134' title='bbox 1146 2910 1256 2997; x_wconf 80' lang='lat' dir='ltr'><strong>(prol.)</strong></span> <span class='ocrx_word' id='word_1_135' title='bbox 1285 2911 1525 2977; x_wconf 69' lang='lat' dir='ltr'><strong>‘Primdmdum</strong></span> 
     </span>
     <span class='ocr_line' id='line_1_18' title="bbox 221 3015 1365 3103; baseline 0.003 -23"><span class='ocrx_word' id='word_1_136' title='bbox 221 3016 296 3082; x_wconf 92' lang='lat' dir='ltr'><strong>huic</strong></span> <span class='ocrx_word' id='word_1_137' title='bbox 321 3040 391 3082; x_wconf 88' lang='lat' dir='ltr'><strong>esse</strong></span> <span class='ocrx_word' id='word_1_138' title='bbox 414 3040 534 3082; x_wconf 91' lang='lat' dir='ltr'><strong>nomen</strong></span> <span class='ocrx_word' id='word_1_139' title='bbox 556 3017 631 3081; x_wconf 89' lang='lat' dir='ltr'><strong>urbi</strong></span> <span class='ocrx_word' id='word_1_140' title='bbox 654 3015 808 3100; x_wconf 81' lang='lat' dir='ltr'><strong>Diphilus</strong></span> <span class='ocrx_word' id='word_1_141' title='bbox 832 3016 975 3101; x_wconf 78' lang='lat' dir='ltr'><strong>Cyrenas</strong></span> <span class='ocrx_word' id='word_1_142' title='bbox 999 3040 1069 3082; x_wconf 88' lang='lat' dir='ltr'><strong>esse</strong></span> <span class='ocrx_word' id='word_1_143' title='bbox 1092 3018 1209 3082; x_wconf 84' lang='lat' dir='ltr'><strong>voluit’</strong></span> <span class='ocrx_word' id='word_1_144' title='bbox 1228 3042 1255 3083; x_wconf 92' lang='lat' dir='ltr'><strong>e.</strong></span> <span class='ocrx_word' id='word_1_145' title='bbox 1275 3042 1306 3103; x_wconf 85' lang='lat' dir='ltr'><strong>q.</strong></span> <span class='ocrx_word' id='word_1_146' title='bbox 1325 3042 1365 3085; x_wconf 90' lang='lat' dir='ltr'><strong>s..</strong></span> 
     </span>
    </p>
   </div>
   <div class='ocr_carea' id='block_1_9' title="bbox 223 3284 1523 3479">
    <p class='ocr_par' dir='ltr' id='par_1_9' title="bbox 223 3284 1523 3479">
     <span class='ocr_line' id='line_1_19' title="bbox 310 3284 1523 3374; baseline 0.006 -25"><span class='ocrx_word' id='word_1_147' title='bbox 310 3284 419 3349; x_wconf 89' lang='lat' dir='ltr'><strong>Habet</strong></span> <span class='ocrx_word' id='word_1_148' title='bbox 435 3286 545 3367; x_wconf 80' lang='lat' dir='ltr'><strong>primo</strong></span> <span class='ocrx_word' id='word_1_149' title='bbox 573 3284 717 3350; x_wconf 85' lang='lat' dir='ltr'><strong>adverbii</strong></span> <span class='ocrx_word' id='word_1_150' title='bbox 742 3285 868 3370; x_wconf 79' lang='lat' dir='ltr'><strong>syllaba</strong></span> <span class='ocrx_word' id='word_1_151' title='bbox 891 3286 1006 3350; x_wconf 88' lang='lat' dir='ltr'><strong>ictum:</strong></span> <span class='ocrx_word' id='word_1_152' title='bbox 1043 3284 1149 3349; x_wconf 79' lang='lat' dir='ltr'><strong>Plauc.</strong></span> <span class='ocrx_word' id='word_1_153' title='bbox 1168 3286 1256 3352; x_wconf 86' lang='lat' dir='ltr'><strong>Trin.</strong></span> <span class='ocrx_word' id='word_1_154' title='bbox 1277 3289 1319 3353; x_wconf 80' lang='lat'><strong>98</strong></span> <span class='ocrx_word' id='word_1_155' title='bbox 1343 3288 1523 3374; x_wconf 74' lang='lat' dir='ltr'><strong>‘Exspecto</strong></span> 
     </span>
     <span class='ocr_line' id='line_1_20' title="bbox 223 3391 1390 3479; baseline 0.005 -24"><span class='ocrx_word' id='word_1_156' title='bbox 223 3391 250 3454; x_wconf 91' lang='lat' dir='ltr'><strong>si</strong></span> <span class='ocrx_word' id='word_1_157' title='bbox 274 3392 352 3474; x_wconf 90' lang='lat' dir='ltr'><strong>quid</strong></span> <span class='ocrx_word' id='word_1_158' title='bbox 375 3392 471 3456; x_wconf 85' lang='lat' dir='ltr'><strong>dicas.</strong></span> <span class='ocrx_word' id='word_1_159' title='bbox 494 3392 635 3476; x_wconf 91' lang='lat' dir='ltr'><strong>primum</strong></span> <span class='ocrx_word' id='word_1_160' title='bbox 659 3393 736 3458; x_wconf 90' lang='lat' dir='ltr'><strong>dum</strong></span> <span class='ocrx_word' id='word_1_161' title='bbox 760 3394 906 3457; x_wconf 89' lang='lat' dir='ltr'><strong>omniurn</strong></span> <span class='ocrx_word' id='word_1_162' title='bbox 928 3392 1015 3458; x_wconf 90' lang='lat' dir='ltr'><strong>Male</strong></span> <span class='ocrx_word' id='word_1_163' title='bbox 1038 3392 1224 3458; x_wconf 87' lang='lat' dir='ltr'><strong>dictitatur&#39;</strong></span> <span class='ocrx_word' id='word_1_164' title='bbox 1249 3417 1274 3458; x_wconf 91' lang='lat' dir='ltr'><strong>e.</strong></span> <span class='ocrx_word' id='word_1_165' title='bbox 1295 3418 1323 3479; x_wconf 90' lang='lat' dir='ltr'><strong>q.</strong></span> <span class='ocrx_word' id='word_1_166' title='bbox 1344 3418 1390 3461; x_wconf 90' lang='lat' dir='ltr'><strong>s..</strong></span> 
     </span>
    </p>
   </div>
   <div class='ocr_carea' id='block_1_10' title="bbox 219 3658 1522 3961">
    <p class='ocr_par' dir='ltr' id='par_1_10' title="bbox 219 3658 1522 3961">
     <span class='ocr_line' id='line_1_21' title="bbox 310 3658 1522 3754; baseline 0.004 -29"><span class='ocrx_word' id='word_1_167' title='bbox 310 3658 528 3746; x_wconf 76' lang='lat' dir='ltr'><strong>Coniungitur</strong></span> <span class='ocrx_word' id='word_1_168' title='bbox 555 3664 724 3744; x_wconf 86' lang='lat' dir='ltr'><strong>praeterea</strong></span> <span class='ocrx_word' id='word_1_169' title='bbox 747 3659 855 3725; x_wconf 71' lang='lat' dir='ltr'><strong>‘dum&#39;</strong></span> <span class='ocrx_word' id='word_1_170' title='bbox 880 3684 953 3726; x_wconf 89' lang='lat' dir='ltr'><strong>cum</strong></span> <span class='ocrx_word' id='word_1_171' title='bbox 982 3661 1135 3727; x_wconf 84' lang='lat' dir='ltr'><strong>adverbio</strong></span> <span class='ocrx_word' id='word_1_172' title='bbox 1159 3661 1246 3754; x_wconf 68' lang='lat' dir='ltr'><strong>‘qui&#39;</strong></span> <span class='ocrx_word' id='word_1_173' title='bbox 1276 3665 1522 3750; x_wconf 80' lang='lat' dir='ltr'><strong>interrogativo,</strong></span> 
     </span>
     <span class='ocr_line' id='line_1_22' title="bbox 220 3767 1521 3856; baseline 0.005 -26"><span class='ocrx_word' id='word_1_174' title='bbox 220 3771 258 3830; x_wconf 91' lang='lat' dir='ltr'><strong>ut</strong></span> <span class='ocrx_word' id='word_1_175' title='bbox 289 3768 347 3832; x_wconf 88' lang='lat' dir='ltr'><strong>fiat</strong></span> <span class='ocrx_word' id='word_1_176' title='bbox 381 3767 555 3852; x_wconf 69' lang='lat' dir='ltr'><strong>‘quidum&#39;·</strong></span> <span class='ocrx_word' id='word_1_177' title='bbox 606 3767 696 3833; x_wconf 89' lang='lat' dir='ltr'><strong>Haec</strong></span> <span class='ocrx_word' id='word_1_178' title='bbox 728 3769 852 3834; x_wconf 89' lang='lat' dir='ltr'><strong>locutio</strong></span> <span class='ocrx_word' id='word_1_179' title='bbox 885 3790 904 3832; x_wconf 90' lang='lat' dir='ltr'><strong>a</strong></span> <span class='ocrx_word' id='word_1_180' title='bbox 936 3768 1053 3833; x_wconf 86' lang='lat' dir='ltr'><strong>ceteris</strong></span> <span class='ocrx_word' id='word_1_181' title='bbox 1084 3769 1246 3835; x_wconf 84' lang='lat' dir='ltr'><strong>adverbiis</strong></span> <span class='ocrx_word' id='word_1_182' title='bbox 1276 3772 1521 3856; x_wconf 75' lang='lat' dir='ltr'><strong>interrogativis</strong></span> 
     </span>
     <span class='ocr_line' id='line_1_23' title="bbox 219 3874 1521 3961; baseline 0.005 -24"><span class='ocrx_word' id='word_1_183' title='bbox 219 3875 309 3938; x_wconf 85' lang='lat' dir='ltr'><strong>velut</strong></span> <span class='ocrx_word' id='word_1_184' title='bbox 333 3874 421 3941; x_wconf 73' lang='lat' dir='ltr'><strong>‘cur&#39;</strong></span> <span class='ocrx_word' id='word_1_185' title='bbox 446 3880 479 3940; x_wconf 91' lang='lat' dir='ltr'><strong>et</strong></span> <span class='ocrx_word' id='word_1_186' title='bbox 503 3874 634 3959; x_wconf 73' lang='lat' dir='ltr'><strong>‘quare&#39;</strong></span> <span class='ocrx_word' id='word_1_187' title='bbox 657 3876 720 3940; x_wconf 89' lang='lat' dir='ltr'><strong>hoc</strong></span> <span class='ocrx_word' id='word_1_188' title='bbox 743 3875 866 3960; x_wconf 86' lang='lat' dir='ltr'><strong>differt,</strong></span> <span class='ocrx_word' id='word_1_189' title='bbox 898 3875 984 3959; x_wconf 91' lang='lat' dir='ltr'><strong>quod</strong></span> <span class='ocrx_word' id='word_1_190' title='bbox 1007 3876 1299 3961; x_wconf 82' lang='lat' dir='ltr'><strong>interrogationem</strong></span> <span class='ocrx_word' id='word_1_191' title='bbox 1321 3901 1439 3943; x_wconf 86' lang='lat' dir='ltr'><strong>novam</strong></span> <span class='ocrx_word' id='word_1_192' title='bbox 1461 3903 1521 3945; x_wconf 90' lang='lat' dir='ltr'><strong>neo</strong></span> 
     </span>
    </p>
   </div>
   <div class='ocr_carea' id='block_1_11' title="bbox 88 3979 1521 4070">
    <p class='ocr_par' dir='ltr' id='par_1_11' title="bbox 88 3979 1521 4070">
     <span class='ocr_line' id='line_1_24' title="bbox 88 3979 1521 4070; baseline 0.004 -25"><span class='ocrx_word' id='word_1_193' title='bbox 88 3979 90 3986; x_wconf 75' lang='grc'><strong>’</strong></span> <span class='ocrx_word' id='word_1_194' title='bbox 220 3985 315 4046; x_wconf 89' lang='lat' dir='ltr'><strong>antea</strong></span> <span class='ocrx_word' id='word_1_195' title='bbox 343 3987 512 4068; x_wconf 88' lang='lat' dir='ltr'><strong>tamquam</strong></span> <span class='ocrx_word' id='word_1_196' title='bbox 538 3983 801 4067; x_wconf 81' lang='lat' dir='ltr'><strong>praenuntiatam</strong></span> <span class='ocrx_word' id='word_1_197' title='bbox 828 4005 995 4067; x_wconf 91' lang='lat' dir='ltr'><strong>nunquam</strong></span> <span class='ocrx_word' id='word_1_198' title='bbox 1022 3983 1161 4069; x_wconf 81' lang='lat' dir='ltr'><strong>inducit,</strong></span> <span class='ocrx_word' id='word_1_199' title='bbox 1193 4007 1321 4070; x_wconf 87' lang='lat' dir='ltr'><strong>semper</strong></span> <span class='ocrx_word' id='word_1_200' title='bbox 1348 3991 1457 4051; x_wconf 86' lang='lat' dir='ltr'><strong>autem</strong></span> <span class='ocrx_word' id='word_1_201' title='bbox 1481 3989 1521 4051; x_wconf 91' lang='lat' dir='ltr'><strong>ad</strong></span> 
     </span>
    </p>
   </div>
   <div class='ocr_carea' id='block_1_12' title="bbox 218 4090 1521 4496">
    <p class='ocr_par' dir='ltr' id='par_1_12' title="bbox 218 4090 1521 4496">
     <span class='ocr_line' id='line_1_25' title="bbox 219 4090 1520 4178; baseline 0.005 -25"><span class='ocrx_word' id='word_1_202' title='bbox 219 4090 488 4176; x_wconf 82' lang='lat' dir='ltr'><strong>enuntiationem,</strong></span> <span class='ocrx_word' id='word_1_203' title='bbox 526 4112 607 4173; x_wconf 90' lang='lat' dir='ltr'><strong>quac</strong></span> <span class='ocrx_word' id='word_1_204' title='bbox 644 4090 868 4176; x_wconf 85' lang='lat' dir='ltr'><strong>interrogandi</strong></span> <span class='ocrx_word' id='word_1_205' title='bbox 903 4112 1034 4176; x_wconf 86' lang='lat' dir='ltr'><strong>causam</strong></span> <span class='ocrx_word' id='word_1_206' title='bbox 1069 4091 1176 4177; x_wconf 74' lang='lat' dir='ltr'><strong>affert,</strong></span> <span class='ocrx_word' id='word_1_207' title='bbox 1213 4097 1340 4177; x_wconf 89' lang='lat' dir='ltr'><strong>spectat</strong></span> <span class='ocrx_word' id='word_1_208' title='bbox 1373 4095 1520 4178; x_wconf 84' lang='lat' dir='ltr'><strong>proxime</strong></span> 
     </span>
     <span class='ocr_line' id='line_1_26' title="bbox 220 4196 1521 4283; baseline 0.005 -24"><span class='ocrx_word' id='word_1_209' title='bbox 220 4198 472 4263; x_wconf 88' lang='lat' dir='ltr'><strong>antecedentem.</strong></span> <span class='ocrx_word' id='word_1_210' title='bbox 502 4196 650 4281; x_wconf 80' lang='lat' dir='ltr'><strong>Accedit,</strong></span> <span class='ocrx_word' id='word_1_211' title='bbox 672 4202 710 4261; x_wconf 94' lang='lat' dir='ltr'><strong>ut</strong></span> <span class='ocrx_word' id='word_1_212' title='bbox 732 4197 863 4262; x_wconf 86' lang='lat' dir='ltr'><strong>nonnisi</strong></span> <span class='ocrx_word' id='word_1_213' title='bbox 880 4219 939 4281; x_wconf 80' lang='lat' dir='ltr'><strong>per</strong></span> <span class='ocrx_word' id='word_1_214' title='bbox 960 4219 991 4262; x_wconf 84' lang='lat' dir='ltr'><strong>se</strong></span> <span class='ocrx_word' id='word_1_215' title='bbox 1014 4203 1177 4283; x_wconf 82' lang='lat' dir='ltr'><strong>occurrat,</strong></span> <span class='ocrx_word' id='word_1_216' title='bbox 1199 4222 1258 4264; x_wconf 91' lang='lat' dir='ltr'><strong>nec</strong></span> <span class='ocrx_word' id='word_1_217' title='bbox 1282 4205 1350 4266; x_wconf 89' lang='lat' dir='ltr'><strong>tam</strong></span> <span class='ocrx_word' id='word_1_218' title='bbox 1372 4203 1521 4266; x_wconf 77' lang='lat' dir='ltr'><strong>actionem</strong></span> 
     </span>
     <span class='ocr_line' id='line_1_27' title="bbox 218 4305 1520 4389; baseline 0.003 -22"><span class='ocrx_word' id='word_1_219' title='bbox 218 4305 372 4389; x_wconf 83' lang='lat' dir='ltr'><strong>respiciat</strong></span> <span class='ocrx_word' id='word_1_220' title='bbox 391 4327 488 4389; x_wconf 92' lang='lat' dir='ltr'><strong>quam</strong></span> <span class='ocrx_word' id='word_1_221' title='bbox 506 4305 710 4369; x_wconf 76' lang='lat' dir='ltr'><strong>condicionem</strong></span> <span class='ocrx_word' id='word_1_222' title='bbox 734 4305 877 4388; x_wconf 89' lang='lat' dir='ltr'><strong>aliquam</strong></span> <span class='ocrx_word' id='word_1_223' title='bbox 899 4305 951 4369; x_wconf 85' lang='lat' dir='ltr'><strong>vel</strong></span> <span class='ocrx_word' id='word_1_224' title='bbox 969 4306 1156 4387; x_wconf 76' lang='lat' dir='ltr'><strong>paralitatem.</strong></span> <span class='ocrx_word' id='word_1_225' title='bbox 1194 4305 1287 4382; x_wconf 78' lang='lat' dir='ltr'><strong>Quod</strong></span> <span class='ocrx_word' id='word_1_226' title='bbox 1309 4308 1356 4371; x_wconf 87' lang='lat' dir='ltr'><strong>ita</strong></span> <span class='ocrx_word' id='word_1_227' title='bbox 1379 4308 1520 4373; x_wconf 89' lang='lat' dir='ltr'><strong>indicare</strong></span> 
     </span>
     <span class='ocr_line' id='line_1_28' title="bbox 219 4410 1054 4496; baseline 0.001 -21"><span class='ocrx_word' id='word_1_228' title='bbox 219 4411 370 4496; x_wconf 73' lang='lat' dir='ltr'><strong>solemus,</strong></span> <span class='ocrx_word' id='word_1_229' title='bbox 393 4415 431 4477; x_wconf 92' lang='lat' dir='ltr'><strong>ut</strong></span> <span class='ocrx_word' id='word_1_230' title='bbox 454 4410 620 4495; x_wconf 71' lang='lat' dir='ltr'><strong>‘quidum&#39;</strong></span> <span class='ocrx_word' id='word_1_231' title='bbox 645 4410 721 4475; x_wconf 76' lang='lat' dir='ltr'><strong>‘wie</strong></span> <span class='ocrx_word' id='word_1_232' title='bbox 744 4410 849 4475; x_wconf 68' lang='lat' dir='ltr'><strong>nun‘l&#39;</strong></span> <span class='ocrx_word' id='word_1_233' title='bbox 873 4411 1054 4476; x_wconf 83' lang='lat' dir='ltr'><strong>reddamus</strong></span> 
     </span>
    </p>
   </div>
   <div class='ocr_carea' id='block_1_13' title="bbox 216 4659 1519 4853">
    <p class='ocr_par' dir='ltr' id='par_1_13' title="bbox 216 4659 1519 4853">
     <span class='ocr_line' id='line_1_29' title="bbox 307 4659 1519 4749; baseline 0.005 -24"><span class='ocrx_word' id='word_1_234' title='bbox 307 4660 461 4738; x_wconf 84' lang='lat' dir='ltr'><strong>Quidum:</strong></span> <span class='ocrx_word' id='word_1_235' title='bbox 483 4660 590 4726; x_wconf 88' lang='lat' dir='ltr'><strong>Plaut.</strong></span> <span class='ocrx_word' id='word_1_236' title='bbox 613 4661 732 4746; x_wconf 86' lang='lat' dir='ltr'><strong>Amph.</strong></span> <span class='ocrx_word' id='word_1_237' title='bbox 754 4661 839 4727; x_wconf 81' lang='lat'>1032</span> <span class='ocrx_word' id='word_1_238' title='bbox 869 4659 1064 4747; x_wconf 71' lang='lat' dir='ltr'><strong>‘Prodigum</strong></span> <span class='ocrx_word' id='word_1_239' title='bbox 1095 4667 1128 4729; x_wconf 91' lang='lat' dir='ltr'><strong>te</strong></span> <span class='ocrx_word' id='word_1_240' title='bbox 1157 4664 1257 4729; x_wconf 86' lang='lat' dir='ltr'><strong>fuisse</strong></span> <span class='ocrx_word' id='word_1_241' title='bbox 1281 4669 1411 4749; x_wconf 84' lang='lat' dir='ltr'><strong>oportet</strong></span> <span class='ocrx_word' id='word_1_242' title='bbox 1441 4667 1519 4731; x_wconf 90' lang='lat' dir='ltr'><strong>olim</strong></span> 
     </span>
     <span class='ocr_line' id='line_1_30' title="bbox 216 4766 1519 4853; baseline 0.006 -22"><span class='ocrx_word' id='word_1_243' title='bbox 216 4766 252 4831; x_wconf 94' lang='lat' dir='ltr'><strong>in</strong></span> <span class='ocrx_word' id='word_1_244' title='bbox 281 4768 509 4833; x_wconf 86' lang='lat' dir='ltr'><strong>adulescentia.</strong></span> <span class='ocrx_word' id='word_1_245' title='bbox 546 4767 710 4845; x_wconf 80' lang='lat' dir='ltr'><strong>Quidum?</strong></span> <span class='ocrx_word' id='word_1_246' title='bbox 740 4769 816 4853; x_wconf 89' lang='lat' dir='ltr'><strong>quia</strong></span> <span class='ocrx_word' id='word_1_247' title='bbox 840 4773 970 4840; x_wconf 86' lang='lat' dir='ltr'><strong>senecta</strong></span> <span class='ocrx_word' id='word_1_248' title='bbox 998 4775 1105 4835; x_wconf 89' lang='lat' dir='ltr'><strong>aetate</strong></span> <span class='ocrx_word' id='word_1_249' title='bbox 1133 4794 1152 4834; x_wconf 91' lang='lat' dir='ltr'><strong>a</strong></span> <span class='ocrx_word' id='word_1_250' title='bbox 1174 4794 1225 4836; x_wconf 89' lang='lat' dir='ltr'><strong>me</strong></span> <span class='ocrx_word' id='word_1_251' title='bbox 1248 4794 1334 4846; x_wconf 84' lang='lat' dir='ltr'><strong>nunc</strong></span> <span class='ocrx_word' id='word_1_252' title='bbox 1356 4775 1519 4839; x_wconf 88' lang='lat' dir='ltr'><strong>mendicas</strong></span> 
     </span>
    </p>
   </div>
   <div class='ocr_carea' id='block_1_14' title="bbox 0 0 1810 5509">
    <p class='ocr_par' dir='ltr' id='par_1_14' title="bbox 0 0 1810 5509">
     <span class='ocr_line' id='line_1_31' title="bbox 0 0 1810 5509; baseline 0 3"><span class='ocrx_word' id='word_1_253' title='bbox 0 0 1810 5509; x_wconf 95' lang='lat' dir='ltr'><strong> </strong></span> 
     </span>
    </p>
   </div>
  </div>
 </body>
</html>
