3609 5509
858 402 1077 465 ..76-

408 581 548 660 Omnino
572 581 607 644 in
630 582 735 646 rabula
757 602 876 666 genera
898 583 1028 644 tantum
1057 578 1207 644 universa
1235 578 1352 661 quibus
1377 600 1547 642 commune
1574 581 1634 642 est

318 691 482 756 vinculum
506 688 638 753 definite
668 687 841 753 adferenda
868 683 1022 772 putavi³).
1069 685 1248 761 Quominus
1272 685 1358 750 enim
1382 685 1526 771 singulas
1553 703 1630 770 sp‘e-

319 797 384 862 cies
402 797 489 861 inter
507 817 541 861 se
559 794 675 859 leviter
694 794 878 859 differentes
903 794 1003 858 etiam
1021 792 1075 857 hic
1094 792 1336 878 distinguerem,
1360 792 1490 857 obet'tit
1513 816 1631 858 neces-

319 903 403 968 saria
434 902 564 967 tabulae
595 901 716 988 forma,
746 924 827 988 quae
858 901 954 967 aliter
984 899 1153 965 molestior
1175 898 1300 964 fiiiaset.
1346 899 1497 965 Ceterum
1520 901 1629 985 parti-

318 1011 408 1076 culae
432 1033 510 1074 usua
534 1010 668 1075 causalis
691 1008 837 1092 exempla
861 1010 992 1072 exstant
1016 1007 1076 1070 sub
1100 1006 1137 1070 Α.
1162 1005 1196 1071 (l.
1219 1006 1257 1071 E.
1281 1007 1317 1071 F.
1342 1006 1379 1071 G.
1403 1007 1480 1092 XX,
1503 1028 1627 1073 conces-

217 1163 220 1169 ·
318 1119 378 1183 sivi
405 1117 465 1181 sub
495 1114 531 1180 G.
559 1115 595 1179 L.
620 1114 687 1199 III,
714 1115 935 1180 1011111010παί1
962 1112 1106 1198 (praeter
1134 1113 1193 1176 sub
1217 1113 1254 1177 B.
1278 1111 1328 1200 L.)
1358 1114 1418 1178 sub
1446 1114 1485 1179 A.
1508 1113 1547 1178 D.
1573 1115 1626 1199 K„

318 1248 345 1289 a.
364 1224 414 1310 K,
432 1226 462 1290 b.
481 1222 571 1308 XIV,
592 1223 699 1306 finalis
722 1222 858 1305 denique
882 1222 942 1286 sub
965 1220 991 1283 I.
1005 1219 1096 1284 VIII.
1142 1218 1312 1286 Accedunt
1335 1222 1396 1285 sub
1411 1221 1447 1286 Β.
1471 1224 1624 1307 exempla

318 1331 400 1399 XIV
422 1332 555 1420 proprio
580 1353 676 1397 sensu
699 1331 888 1415 temporalia.

409 1692 435 1760 1)
454 1687 586 1743 Tractavi
605 1689 657 1742 sub
675 1688 707 1743 A.
772 1687 929 1758 particulae
943 1703 1024 1740 usum
1038 1702 1101 1739 cum
1114 1683 1171 1739 ind.
1192 1684 1256 1754 puri
1269 1684 1434 1754 praesentia,
1448 1689 1625 1741 concurrent.

771 1781 883 1832 enunt..

629 1913 635 1938 ‚
705 1912 709 1923 .
773 1867 931 1938 particulae
950 1884 1031 1920 usum
1050 1883 1112 1919 oum
1131 1864 1188 1920 iud.
1203 1864 1267 1935 puri
1279 1862 1444 1934 praesentis,
1464 1862 1627 1918 coinciden-

769 1956 845 2011 tibua
865 1959 974 2011 onunt..

625 2091 640 2116 ‚,
704 2091 709 2101 .
768 2046 926 2116 particulae
945 2063 1025 2100 usum
1044 2062 1107 2098 oum
1121 2043 1177 2098 ind.
1193 2041 1350 2112 praesentis
1368 2044 1505 2110 tanquam
1522 2041 1627 2111 futuri,

770 2153 892 2194 concurr.
913 2137 1024 2190 enunt..
1232 2191 1236 2197 ,

625 2270 641 2295 „
702 2270 707 2280 .
767 2224 924 2294 particulae
943 2242 1024 2277 usum
1043 2240 1105 2277 cum
1124 2221 1180 2276 ind.
1199 2220 1356 2291 praesentis
1370 2222 1506 2289 tanquam
1523 2221 1628 2291 futuri,

771 2313 887 2369 coincid.
908 2317 1023 2368 enunt..

626 2449 642 2474 „
702 2450 706 2459 .
772 2403 930 2473 particulae
949 2420 1030 2456 usum
1050 2418 1113 2455 cnm
1130 2400 1187 2455 ind.
1211 2400 1368 2470 praesentia
1391 2399 1531 2468 historici,
1557 2418 1628 2454 con-

769 2510 838 2547 01111.
859 2495 971 2546 enunt..

626 2628 633 2653 ‚
706 2628 711 2637 .
771 2581 929 2651 particulae
949 2598 1031 2635 usum
1050 2597 1113 2634 omn
1136 2578 1192 2635 ind.
1216 2579 1373 2650 praesentis
1392 2578 1526 2646 historici,
1545 2580 1628 2633 coin-

771 2670 823 2726 cid.
843 2673 955 2725 enunt..

625 2804 641 2829 ‚,
706 2806 711 2815 .
770 2760 927 2830 particulae
946 2778 1028 2813 usum
1046 2777 1109 2813 oum
1127 2758 1184 2813 ind.
1204 2756 1362 2828 praesentia
1380 2756 1565 2812 terminalem.

626 2893 641 2918 ‚,
696 2893 701 2903 .
770 2848 928 2919 particulae
946 2866 1027 2901 usum
1046 2865 1110 2901 oum
1128 2847 1186 2902 ind.
1205 2846 1363 2916 imperfecti
1382 2845 1548 2901 universum.

627 2982 643 3007 „
680 2939 722 3007 Κ.,
733 2956 757 2992 a.
772 2937 929 3008 particulae
948 2955 1029 2990 usum
1048 2954 1111 2990 oum
1129 2936 1186 2991 ind.
1206 2935 1303 3004 futuri,
1323 2953 1445 2991 concurr.
1465 2939 1575 2990 enunt..

525 3072 532 3097 ‚
627 3073 642 3097 ,‚
679 3028 757 3097 K.‚b.
773 3027 930 3097 particulae
949 3045 1031 3080 usum
1049 3045 1112 3081 oum
1131 3025 1187 3080 ind.
1207 3024 1303 3093 futuri,
1323 3022 1440 3078 coincid.
1460 3025 1571 3078 enunt..

627 3161 643 3187 „
679 3119 721 3186 Κ.,
732 3134 754 3171 0.
773 3116 930 3187 particulae
950 3134 1031 3171 usum
1050 3134 1113 3170 cum
1131 3115 1187 3170 ind.
1207 3113 1296 3169 futuri
1313 3112 1497 3168 terminalem.

412 3299 529 3368 Spectat
547 3296 743 3370 compendium
762 3284 801 3351 Ὅ.
820 3314 861 3366 pr.
881 3314 908 3365 p.
928 3313 966 3350 or.
987 3295 1053 3350 obl.'
1076 3293 1188 3349 omnino
1208 3293 1245 3346 ad
1264 3292 1472 3347 coniunctivum
1491 3308 1626 3361 praesen-

323 3389 360 3442 tis
375 3406 427 3458 per
445 3389 595 3443 orationem
613 3389 750 3457 obliquam
773 3403 823 3454 pro
847 3383 1001 3438 indicativo
1024 3382 1160 3453 usurpati.
1207 3383 1272 3452 Ipsa
1299 3381 1329 3435 in
1357 3382 1455 3436 tabula
1482 3380 1628 3435 indicatur

323 3478 420 3532 littera
439 3477 491 3530 sub
510 3493 566 3544 qua
585 3476 714 3544 exempla
733 3474 815 3527 huius
834 3474 945 3543 generis
963 3473 1147 3543 reperiuntur.
1185 3472 1321 3527 Similiter
1340 3471 1481 3541 siguificat
1500 3470 1539 3525 Ὃ.
1554 3469 1626 3541 imp.

323 3586 350 3637 p.
371 3566 495 3621 orobl’
517 3568 546 3619 et
566 3565 604 3620 Ὃ.
624 3564 690 3634 imp.
715 3581 771 3633 per.
797 3565 860 3618 att’
886 3563 1094 3618 coniunctivum
1117 3560 1275 3632 imperfecti
1298 3561 1372 3629 quod
1396 3562 1447 3614 aut
1464 3578 1515 3631 per
1537 3564 1626 3615 01011-

324 3674 400 3711 onem
418 3657 556 3725 obliquam
574 3656 624 3709 aut
638 3672 689 3725 per
707 3656 897 3710 attractionem
915 3671 966 3723 pro
985 3652 1139 3707 indicativo
1158 3653 1258 3706 exstat.

263 3864 266 3871 '
360 3850 492 3906 Tractavi
510 3850 562 3905 sub
580 3851 611 3906 B.
630 3849 787 3920 particulae
806 3868 887 3904 usum
907 3868 970 3905 cum
989 3848 1126 3904 coniunct.
1146 3846 1303 3917 praesentis
1323 3845 1550 3901 condicionalem.

431 3985 447 4010 11
497 3953 500 3964 .
528 3984 544 4009 11
580 3941 600 3995 I·
704 3983 720 4009 11
842 3983 857 4008 11
931 3983 946 4008 11
1050 3982 1066 4007 11
1209 3981 1225 4006 11
1323 3934 1506 3990 terminalem*

528 4072 544 4098 2,
580 4029 610 4085 L.
705 4073 720 4098 ‚‚
842 4072 858 4097 „
931 4072 946 4098 ‚‚
1050 4071 1066 4097 „
1146 4025 1304 4096 imperfecti
1322 4025 1488 4080 universum.

415 4209 531 4279 Spectat
551 4208 590 4263 Ὃ.
605 4206 672 4277 imp.
687 4226 713 4277 p.
728 4226 769 4278 pr.
784 4227 810 4278 p.
830 4210 850 4263 t.
871 4210 906 4263 c.’
927 4208 964 4262 ad
983 4205 1191 4262 coniunctivum
1209 4204 1367 4274 imperfecti
1382 4204 1457 4273 quod
1475 4221 1525 4273 pro
1543 4221 1626 4274 prae-

326 4299 399 4355 senti
412 4317 464 4370 111
482 4306 630 4369 temporam
648 4300 859 4355 0011000110οε1
876 4296 1026 4353 invenitur.

416 4499 443 4566 2)
462 4494 628 4565 Exemplum
646 4513 732 4549 unum
750 4496 955 4551 Varronianum
974 4497 1025 4567 (De
1044 4495 1111 4564 ling.
1131 4495 1181 4549 lat.
1201 4493 1247 4561 VI,
1267 4495 1320 4561 91),
1340 4509 1403 4546 cnm
1422 4509 1456 4546 ex
1475 4494 1625 4546 ‘commen—

326 4586 399 4641 tario
417 4585 522 4640 vetere’
544 4583 582 4639 ait
600 4584 729 4655 petitum,
749 4585 800 4639 aub
819 4586 838 4641 I.
859 4588 926 4640 ante
944 4585 1077 4641 Plautina
1096 4584 1142 4655 (cf.
1161 4583 1225 4651 loc.)
1244 4580 1335 4635 attuli.

416 4784 444 4853 3)
464 4782 644 4839 Ermowrotr'o
663 4797 730 4837 sane
748 4781 872 4837 locorum
890 4780 1016 4851 perfecta
1034 4783 1085 4836 est.
