3609 5509
849 412 1062 475 „32-

306 612 444 674 neuneu,
462 590 580 654 vorher
594 589 779 654 Aduerbien
798 591 875 654 oder
888 589 1058 654 Partilreln
1077 612 1192 673 waren,
1210 591 1276 655 und
1295 613 1333 653 zu
1348 589 1605 674 Oonjunctionen

277 769 281 788 Ι
307 700 374 761 erst
397 697 540 761 dadurch
562 697 615 761 bei
639 697 694 761 der
717 696 969 783 Entwickelung
993 698 1048 761 der
1071 696 1255 781 Hypetaxis
1280 720 1337 760 aus
1361 698 1417 760 der
1435 696 1605 761 Parataxis

306 804 451 888 wurden‚
474 804 543 868 dass
566 804 613 868 sie
636 804 687 868 die
707 803 907 904 rlndeutung⁴
928 805 983 870 des
998 803 1241 869 Verhaltnisses
1266 803 1457 888 enthielten‚
1480 804 1515 868 in
1533 804 1606 867 wel-

306 911 400 976 ohem
423 912 478 976 der
501 912 772 997 untergeordnete
797 910 873 976 Sata
897 935 936 975 zu
960 912 1082 976 seinem
1104 911 1305 996 Hauptsatze
1330 910 1439 976 steht?

397 1180 627 1256 Quaestionem
654 1179 757 1266 igitur
776 1170 801 1244 ‘e
826 1185 1014 1262 pcrutueeos
1041 1180 1228 1246 condicione
1251 1181 1390 1268 ingressi
1414 1182 1486 1247 inde
1510 1203 1606 1245 enun-

307 1286 481 1351 tiationum
509 1292 542 1352 et
568 1288 747 1371 particulae
774 1288 844 1352 fata
871 1311 1110 1372 persequamur.
1161 1286 1256 1352 Prius
1285 1293 1395 1353 tamen
1418 1288 1527 1353 ‘dum’
1550 1289 1605 1352 od-

305 1394 399 1457 oerbr'r'
422 1394 618 1479 significatio
642 1373 890 1459 in'memoriam
914 1397 1092 1460 revocanda
1116 1399 1179 1479 est,
1203 1396 1308 1479 qualis
1332 1397 1367 1460 in
1389 1398 1461 1462 loco
1485 1397 1605 1460 eminet

309 1500 462 1566 Plautino
485 1501 551 1565 iam
575 1502 689 1566 allato:
713 1501 801 1565 ‘dum
824 1502 945 1585 placet,
968 1502 1044 1566 dum
1066 1502 1153 1566 haud
1176 1502 1308 1585 placet'.

396 1767 477 1834 Cum
500 1791 576 1835 vero
601 1769 810 1834 manifestum
839 1770 896 1853 sit,
924 1770 959 1833 in
982 1769 1103 1833 talibus
1126 1770 1207 1834 locis
1231 1774 1364 1854 propter
1386 1773 1606 1836 seobutiurura

309 1879 525 1960 oppositionem
547 1900 725 1961 numquam
748 1899 844 1961 posse
868 1877 946 1940 oriri
965 1877 1158 1960 hypotaxin‚
1182 1877 1222 1940 ad
1245 1877 1333 1942 illius
1357 1877 1470 1942 ‘amatz
1503 1876 1604 1961 sapit’

308 1980 426 2070 (Plaut.
451 1983 568 2069 Amph.
593 1982 672 2070 995)
701 1984 864 2068 exemplar
892 1984 1152 2048 enuntiationum
1182 2007 1262 2069 quae
1290 1986 1376 2050 inter
1404 2007 1437 2049 sc
1461 2005 1605 2050 concrum

304 2093 456 2173 quendum
480 2092 608 2175 lepidam
630 2091 752 2155 habent
782 2092 904 2175 aliquid
920 2075 993 2175 vpar
1013 2113 1170 2174 ponamus
1195 2093 1295 2155 velut:
1320 2091 1444 2177 ‘pavet
1469 2090 1605 2156 tremit'.

305 2197 367 2261 His
394 2198 501 2262 verbis
528 2199 655 2262 nullum
683 2203 733 2262 est
761 2198 927 2262 vinculum
954 2199 1017 2262 nisi
1043 2198 1249 2262 intellectuale.
1301 2199 1445 2275 Quorum
1474 2199 1604 2282 quidem

305 2304 435 2387 utrique
456 2308 624 2390 praeterea
647 2306 800 2369 addamus
821 2304 929 2370 ‘dum'
950 2304 1137 2369 adverbium
1156 2306 1459 2389 demonstrativum,
1482 2310 1520 2369 ut
1539 2306 1605 2369 sint

305 2408 393 2474 ‘dum
416 2415 525 2495 pavet,
549 2413 625 2475 dum
648 2411 786 2496 tremit’‚
811 2413 857 2476 sic
881 2416 1044 2477 vertentes
1064 2410 1244 2476 ‘dieWeile
1263 2416 1357 2497 auget
1376 2435 1419 2496 cr,
1438 2412 1604 2477 dieWeile

306 2518 418 2582 zittert
441 2517 500 2582 er'.
537 2518 600 2582 Est
624 2519 723 2582 etiam
745 2524 938 2603 parataxeos
958 2519 1112 2598 condicio,
1137 2520 1190 2584 sed
1210 2520 1267 2583 illa
1285 2519 1320 2582 in
1338 2541 1376 2583 eo
1397 2523 1459 2603 est,
1482 2523 1520 2583 ut
1538 2520 1606 2603 fiae,
1687 2525 1688 2528 ’

306 2647 404 2708 quam
428 2626 489 2690 viri
513 2625 600 2689 docti
623 2627 852 2691 correlationem
876 2623 1022 2713 (Curtius
1045 2627 1065 2690 l.
1091 2650 1130 2712 c,
1153 2651 1183 2711 p.
1205 2628 1282 2711 1923
1304 2624 1432 2691 Probst.
1456 2626 1556 2690 Beitr.
1580 2650 1604 2690 z.

306 2731 377 2796 Lat.
402 2730 544 2796 Gramm.
568 2732 615 2818 ΙΙ,
639 2756 668 2816 p.
690 2734 752 2798 138
769 2730 851 2819 sqq.)
877 2733 1050 2817 appellant.

394 3108 558 3186 Quantum
577 3108 706 3194 quidem
726 3108 766 3175 ad
782 3111 918 3192 formam
937 3110 1069 3196 attinet,
1096 3108 1179 3175 nihil
1202 3107 1339 3175 interest
1362 3110 1448 3175 inter
1471 3112 1605 3175 correla-

305 3216 428 3282 tionem
443 3221 475 3282 et
489 3219 667 3301 parataxin.
706 3217 761 3283 Sin
782 3240 904 3284 sensum
919 3219 1087 3303 respicias,
1107 3219 1187 3283 illud
1201 3219 1289 3283 ‘dum
1303 3218 1426 3282 tremit’
1441 3219 1573 3283 maioris
1580 3215 1604 3302 ¹)

305 3347 374 3390 esse
394 3326 550 3389 momenti
569 3326 718 3410 percipis,
745 3327 830 3409 quod
849 3349 934 3391 nunc
953 3349 1030 3391 voce
1049 3326 1183 3391 indicari
1203 3331 1321 3410 potest.
1360 3325 1422 3391 Sed
1442 3328 1605 3390 crescente

304 3433 337 3496 vi
359 3432 537 3517 particulae
560 3433 751 3516 posterioris
778 3468 814 3479 -
841 3433 1101 3518 progressionem
1130 3434 1201 3498 dico
1231 3433 1454 3498 correlationis
1480 3433 1514 3495 in
1537 3430 1605 3494 uni-
1716 3470 1719 3476 -

304 3561 433 3603 versum
456 3577 499 3608 -,
522 3540 729 3605 decrescebat
751 3540 799 3603 vis
828 3541 955 3623 prioris.
997 3539 1148 3604 Obtinuit
1175 3541 1233 3603 illa
1261 3540 1531 3625 significationem
1558 3539 1604 3602 de-

305 3647 538 3711 monstrativum
565 3646 670 3711 induit
697 3647 777 3712 haee
799 3647 968 3713 relativum.
1010 3647 1055 3712 Et
1079 3651 1200 3731 quanto
1229 3647 1333 3731 magis
1356 3647 1436 3710 haec
1460 3646 1604 3710 condicio

304 3753 499 3837 vigescebat
522 3756 614 3818 tanto
634 3754 738 3838 magis
758 3755 843 3819 inter
866 3755 1095 3820 correlationem
1119 3758 1152 3818 et
1169 3756 1342 3837 perclamo
1365 3754 1542 3836 apparebat
1560 3753 1604 3816 di-

305 3859 449 3923 versitas.
492 3858 546 3923 Sic
574 3859 676 3944 igitur
704 3862 886 3946 exemplum
913 3865 1062 3925 nostrum
1094 3884 1179 3927 nunc
1210 3861 1405 3925 reddendum
1432 3864 1496 3924 est:
1529 3860 1604 3923 ‘dio

304 3966 426 4030 Weile
460 3988 494 4029 er
517 3971 624 4052 zaget,
656 3977 712 4032 die
734 3976 841 4033 Weile
863 3969 974 4033 zittert
1002 3967 1056 4032 er’.
1107 3967 1271 4032 Nimirum
1293 3967 1389 4031 huius
1413 3965 1604 4030 mutationis

303 4071 444 4160 carroff)
463 4074 498 4137 in
515 4074 596 4157 ipsis
615 4075 722 4139 verbis
742 4077 942 4159 quaerendae
962 4080 1051 4160 sunt,
1070 4098 1143 4140 cum
1163 4074 1341 4159 particulae
1357 4073 1604 4138 correlationem

304 4180 478 4245 exhibeant
500 4184 641 4260 tantum,
663 4203 729 4246 non
752 4182 903 4247 efficiant.

412 4431 437 4497 1)
457 4425 552 4497 Spero,
571 4424 645 4482 viros
655 4426 751 4483 doctos
771 4426 841 4484 haec
859 4427 945 4484 verba
964 4444 1027 4485 mea
1046 4445 1103 4485 non
1122 4445 1182 4486 esse
1202 4427 1315 4486 sinistre
1330 4432 1501 4502 accepturos.
1532 4427 1603 4486 Sane

303 4518 345 4572 cis
362 4518 424 4586 epea
441 4516 666 4571 enuntiationum
683 4535 739 4571 non
758 4517 815 4577 alia
835 4519 926 4573 estin
945 4521 1128 4574 correlatione
1147 4524 1232 4589 atque
1251 4521 1281 4574 in
1304 4521 1442 4591 paratam,
1467 4521 1603 4574 habebat-

304 4622 357 4673 que
384 4605 455 4659 illud
483 4608 584 4678 (‘dum)
611 4605 718 4661 tremit‘
748 4625 857 4677 semper
883 4609 941 4662 vim
968 4610 1110 4678 maiorem,
1140 4627 1225 4678 quam
1248 4613 1352 4666 clarius
1370 4612 1400 4664 in
1418 4611 1602 4665 correlatione

304 4710 439 4764 apparere
458 4696 573 4751 affirmo.

408 4787 435 4855 2)
455 4784 494 4840 cf.
514 4785 662 4842 Delbriick.
682 4786 700 4841 l.
720 4805 752 4855 o,
771 4806 797 4858 p.
810 4795 851 4843 98.
