3609 5509
752 391 1048 467 -15-Ι

294 578 411 644 Restat
435 578 534 643 ‘dum'
559 578 778 643 coniunctioni
802 578 865 644 ‘ne'
890 580 1050 665 additum,
1072 582 1106 645 id
1125 587 1175 645 est
1197 581 1248 647 ‘ne
1268 583 1356 647 dum'
1365 581 1403 670 ¹),
1427 585 1513 667 quod

208 687 271 750 hoe
294 686 503 769 potissimum
525 686 598 750 loeo
619 690 763 758 ¹tractare
788 686 896 751 malui.

296 936 456 1020 Exempla
498 939 628 1000 exstant
667 938 752 1021 apud
784 937 910 1021 priseos
950 937 1125 1022 scriptores
1163 941 1226 1005 duo
1263 944 1406 1005 tantum:
1443 941 1515 1005 Ter.

205 1043 323 1109 Heaut.
342 1044 409 1109 454
432 1042 591 1127 ‘satrapes
613 1042 642 1107 si
661 1044 724 1108 siet
741 1044 894 1129 Amator,
916 1068 1094 1129 numquam
1118 1046 1251 1111 sufferre
1275 1048 1344 1112 eius
1364 1052 1513 1132 sumptus

207 1157 319 1235 queat:
348 1149 398 1216 Ne
426 1151 504 1215 dum
527 1154 565 1214 tu
586 1149 706 1235 pessis'
730 1188 774 1196 -
798 1151 844 1216 sie
872 1151 1043 1235 vertimus,
1070 1156 1108 1216 ut
1136 1154 1185 1218 vis
1213 1154 1391 1237 particulae
1415 1154 1515 1219 mani-

141 1275 144 1280 ’
205 1258 291 1323 festa
309 1259 380 1324 fiat:
405 1256 628 1343 ‘Gesehweige
651 1253 726 1321 das's
745 1258 801 1337 du,
824 1258 967 1322 einmal
992 1255 1256 1345 (angenommem
1279 1262 1353 1325 dass
1372 1283 1406 1326 es
1425 1267 1514 1347 milg-

206 1365 273 1430 lieh
295 1363 410 1454 ware),
433 1388 467 1429 es
491 1365 574 1429 thun
596 1364 768 1429 kbnntest'
792 1389 823 1429 u.
842 1389 866 1429 s.
885 1389 924 1429 w.
938 1390 996 1450 —3
1019 1365 1112 1430 Luer.
1131 1367 1157 1451 Ι,
1177 1368 1242 1433 653
1266 1366 1428 1452 ‘Amplius
1451 1369 1514 1433 hoe

206 1472 277 1536 fieri
306 1471 353 1535 nil
382 1476 432 1535 est
460 1473 546 1555 quod
573 1494 669 1555 posse
698 1472 799 1536 rearis
823 1472 957 1537 Talibus
985 1473 1021 1537 in
1043 1475 1163 1559 causis,
1189 1498 1230 1538 ne
1254 1475 1329 1538 dum
1353 1476 1514 1539 variantia

208 1597 317 1643 rerum
340 1579 446 1643 Tanta
470 1582 568 1663 queat
591 1578 700 1643 densis
724 1579 870 1665 rarisque
894 1603 934 1645 ex
951 1580 1089 1667 ,ignibus
1114 1581 1204 1646 esse’.

295 1828 357 1895 His
381 1828 533 1895 omnibus
557 1830 712 1915 exemplis
737 1830 911 1917 diligenter
930 1832 1142 1897 consideratis
1148 1884 1157 1917 ,
1181 1831 1280 1897 ‘dum'
1301 1833 1445 1897 adverbii
1464 1833 1513 1897 vis

207 1930 405 2022 temporalis
422 1941 455 2001 et
478 1938 735 2002 demonstrativa
759 1939 857 2024 clare,
879 1940 915 2004 ni
937 1939 1048 2025 fallor,
1072 1941 1251 2025 apparebit.

296 2186 391 2252 Nune
420 2192 529 2252 autem
545 2188 703 2274 ¹leeorum
730 2188 765 2253 in
793 2189 910 2273 quibus
939 2188 1047 2254 ‘dum'
1070 2190 1232 2274 particula
1255 2214 1328 2256 eum
1352 2193 1513 2257 adverbiis

209 2296 382 2362 coniuncta
405 2300 512 2361 exstat
536 2293 732 2382 apponaml)

299 2599 325 2666 1)
344 2595 384 2652 ef.
403 2596 537 2652 Priscian.
558 2597 639 2666 (Keil.
659 2598 677 2653 l.
697 2616 729 2667 a,
747 2616 775 2667 p.
795 2601 871 2668 503):
902 2599 957 2651 ‘est
981 2600 1078 2652 tamen
1096 2600 1185 2670 (dum)
1204 2601 1291 2655 etiam
1309 2618 1360 2670 pre
1379 2600 1508 2655 coniunc-

209 2684 285 2738 tione
303 2684 450 2754 repletiva,
470 2688 521 2740 ut.
538 2730 565 2740 ..
586 2688 622 2754 et,
644 2687 757 2740 ‘nedum
775 2686 818 2740 illi
837 2688 975 2757 corruptis
989 2688 1114 2742 moribus
1128 2690 1263 2744 victoriae
1282 2693 1506 2760 temperarent’.'

299 2777 326 2843 2)
346 2774 385 2828 Of.
405 2792 470 2843 pag.
490 2792 567 2843 seq..
