3609 5509
846 1546 947 1637 dap.
975 1544 1032 1616 llI.

378 1741 445 1815 De
476 1738 613 1814 ‘dum'
647 1738 898 1836 particulae
931 1761 1038 1813 cum
1071 1739 1273 1813 themate
1305 1725 1524 1834 temporis

568 1882 818 1979 praesentis
846 1903 937 1955 usu
964 1880 1335 1955 coniunctionali.

391 2128 472 2195 (111111
500 2128 612 2194 thema
639 2129 795 2213 temporis
825 2129 1005 2214 praesentis
1039 2127 1200 2193 actionem
1233 2128 1394 2213 exprimat
1426 2130 1603 2193 continuum

303 2234 379 2319 (die
405 2235 583 2322 Handlung
606 2237 661 2300 des
685 2236 1000 2302 Praesensstammes
1023 2237 1068 2301 ist
1091 2237 1142 2325 die
1165 2235 1386 2300 dauernde’:
1416 2235 1505 2301 Ourt.
1528 2236 1604 2319 11,

302 2365 333 2425 p.
364 2341 449 2429 181),
480 2365 547 2408 non
574 2347 633 2428 est,
666 2344 752 2427 quod
775 2342 874 2408 ‘dum’
904 2344 1174 2427 coniunctionem,
1198 2364 1279 2425 quae
1303 2364 1337 2406 re
1365 2364 1441 2406 vera
1468 2343 1604 2425 spatam

302 2449 459 2532 temporis
493 2451 670 2537 significat,
703 2474 776 2515 cum
800 2451 862 2515 hoc
886 2452 1031 2516 themate
1055 2449 1243 2534 saepissime
1266 2449 1416 2533 usurpari
1439 2449 1603 2512 miremur.

303 2554 389 2620 Nam
411 2558 561 2623 notiones
585 2559 690 2642 ambo,
718 2563 751 2621 et
774 2558 864 2621 verbi
893 2563 926 2622 et
952 2558 1198 2641 coniunctionis7
1226 2557 1319 2641 quasi
1342 2556 1521 2640 expletivae
1541 2556 1604 2619 sibi

304 2665 509 2748 respondent
541 2664 645 2730 Immo
670 2687 746 2730 vero
771 2664 870 2728 ‘dum'
894 2666 1089 2749 particulam
1108 2664 1250 2749 primum
1274 2687 1346 2730 cum
1374 2664 1436 2728 hoc
1460 2664 1603 2727 themate

303 2770 374 2835 solo
403 2793 472 2835 esse
502 2777 692 2857 usurpatam
699 2824 708 2857 7
740 2772 775 2835 in
806 2771 869 2835 fine
902 2771 998 2836 huius
1032 2772 1178 2856 opusculi
1201 2772 1423 2838 demonstrare
1453 2771 1603 2834 conabor.

302 2877 440 2944 Interim
472 2901 540 2943 rem
572 2879 677 2963 ipsam
709 2885 742 2943 et
774 2878 916 2961 primum
950 2878 1080 2961 quidem
1112 2900 1207 2942 usum
1231 2878 1398 2943 indicativi
1422 2878 1603 2961 praesentis

304 2985 542 3070 aggrediamur.

934 3293 975 3364 Α.

328 3477 377 3530 De
402 3466 508 3531 ‘dum'
532 3475 767 3533 coniunctione
791 3488 871 3532 oum
893 3476 1076 3533 indicativo
1099 3436 1177 3546 puri
1200 3479 1386 3558 praesentis
1408 3483 1581 3553 usurpata,

540 3583 596 3638 cui
619 3582 805 3640 enuntiatio
829 3584 1023 3653 principalis
1039 3575 1171 3657 perfecte
1193 3590 1364 3653 oongmet.

393 3787 433 3852 In
455 3788 517 3852 hoo
540 3788 638 3853 titulo
663 3811 759 3873 quem
781 3791 976 3856 necessitate
1000 3791 1104 3856 coacti
1128 3791 1231 3855 fusius
1251 3791 1468 3875 ascripsimus
1488 3814 1604 3873 purum

295 3895 443 3959 'diximus
467 3917 628 3981 praesens,
652 3901 689 3960 ut
713 3919 732 3960 a
754 3903 924 3982 praesente
949 3899 1033 3982 quod
1058 3899 1265 3983 grammatici
1287 3898 1463 3962 loistoricum
1487 3901 1604 3962 vocant

305 4007 338 4066 et
367 4003 408 4067 ab
436 4001 493 4066 illo
529 4004 614 4087 quod
644 4005 748 4083 11111111
780 4027 910 4069 sensum
944 4006 1083 4088 quodam
1116 4007 1212 4070 modo
1244 4005 1379 4089 praebet
1407 4006 1446 4069 ad
1475 4011 1603 4089 tempus

305 4105 569 4194 distingueretur.
616 4109 767 4176 Ceterum
791 4111 829 4175 de
852 4112 904 4176 his
927 4111 1013 4176 infra
1037 4113 1150 4177 dicam.

395 4322 463 4388 Neo
501 4346 696 4408 quemquam
733 4324 845 4390 fallere
881 4330 1010 4410 potest,
1046 4327 1132 4391 huno
1169 4349 1264 4390 usum
1301 4326 1340 4390 ad
1379 4325 1602 4391 correlationis

307 4431 455 4515 exempla
477 4431 573 4495 modo
596 4432 728 4495 laudata
750 4433 896 4516 proxime
921 4434 1079 4498 accedere.
1125 4431 1212 4496 Nam
1239 4433 1335 4497 ambo
1364 4434 1603 4498 enuntiationes

306 4539 386 4603 idem
409 4539 551 4620 temporis
572 4539 706 4619 spatium
729 4539 900 4622 complent.
948 4537 1217 4604 Coniunctionem
1249 4560 1327 4624 ergo
1350 4539 1499 4624 plurimis
1522 4540 1603 4604 locis

308 4645 355 4710 *so
378 4645 473 4728 lange
497 4643 557 4709 als’
581 4649 705 4709 vertere
720 4667 901 4730 possumus,
926 4668 1122 4730 quamquam
1136 4646 1300 4711 nonnullis
1317 4647 1413 4711 verbo
1429 4645 1604 4711 ‘wahrend'

306 4754 461 4817 utendum
485 4756 543 4815 est.
