3609 5509
885 377 1102 442 „43-

434 552 596 629 Quoniam
624 553 727 638 igitur
758 553 889 618 omnino
919 554 1158 618 enuntiationes
1192 554 1369 637 plurimum
1405 555 1546 638 pollent,
1581 576 1656 619 eon-

345 662 525 742 iuaclc'ones,
549 681 652 752 genus
680 660 852 724 verborum
879 661 975 743 plane
1003 660 1185 743 fortuitum,
1212 665 1322 743 partes
1351 661 1506 725 secundas
1536 666 1656 744 agunt,

344 766 506 831 affirmare
529 767 620 851 lieet,
644 789 720 831 casu
744 768 813 831 solo
837 767 961 832 factum
985 790 1069 850 esse,
1091 771 1129 830 ut
1153 766 1252 831 ‘dum'
1277 768 1438 851 particula
1460 766 1653 832 coniunctio

344 874 444 937 etiam
472 876 640 939 concarata
675 897 741 938 non
777 875 941 938 exstiterit
977 897 1036 939 1166
1072 876 1106 938 111
1143 875 1366 959 grammaticis
1399 874 1542 937 tironum
1573 875 1653 938 usui

344 980 516 1045 destinatis
549 1003 614 1045 una
646 1004 720 1046 oum
752 980 861 1065 ‘licet’,
894 980 1065 1065 ‘quamvis'
1094 986 1153 1045 etc.
1176 982 1271 1045 hodie
1303 982 1491 1064 reperiatur.
1537 980 1652 1045 Habet

345 1089 431 1152 enim
459 1110 493 1151 re
521 1110 597 1155 vera
625 1087 730 1153 ‘cum'
760 1089 945 1153 coniunctio
973 1091 1006 1151 et
1033 1088 1098 1150 vim
1126 1089 1338 1172 temporalem
1362 1092 1395 1152 et
1418 1089 1651 1153 concessivam.

344 1193 381 1257 Id
405 1198 514 1259 tamen
538 1195 775 1276 concedendum
799 1198 858 1277 est,
880 1194 930 1257 ita
952 1194 987 1257 in
1009 1193 1108 1258 ‘dum’
1133 1194 1293 1277 particula
1316 1195 1455 1259 eminere
1479 1194 1544 1257 vim
1568 1199 1652 1257 tem-

344 1301 491 1384 poralem
520 1301 724 1385 continuam,
752 1305 790 1363 ut
820 1301 860 1365 ad
884 1301 1028 1365 actiones
1057 1323 1138 1384 quae
1167 1302 1279 1364 eodem
1307 1306 1453 1386 tempore
1475 1324 1541 1365 non
1564 1301 1653 1364 finnt

345 1407 584 1493 coniungendas
602 1409 696 1472 male
726 1408 769 1471 sit
798 1408 1049 1473 accommodata.
1096 1407 1185 1483 Quae
1213 1429 1263 1470 res
1292 1430 1387 1471 usum
1414 1408 1484 1471 eius
1508 1408 1653 1472 multum

345 1515 413 1579 sine
437 1514 535 1578 dubio
558 1514 593 1577 in
616 1515 803 1578 universum
826 1513 1009 1597 impedivit,
1033 1514 1205 1596 quominus
1229 1514 1361 1578 uberius
1385 1515 1651 1598 amplificaretur.

977 1927 1018 2000 D.

346 2117 539 2184 usurpatur
563 2101 683 2187 ‘dnmf
703 2074 876 2208 coniuripio
904 2125 985 2168 cum
1013 2111 1194 2167 indicativo
1217 2113 1415 2181 praesentis,
1439 2113 1537 2168 cuius
1560 2114 1656 2169 actio

346 2222 438 2277 ultra
459 2226 595 2291 tempus
613 2233 773 2290 praesens
795 2219 874 2289 plus
892 2220 1005 2274 minus
1024 2219 1060 2273 in
1078 2218 1236 2274 futurum
1254 2220 1465 2289 producitur.
1508 2221 1656 2276 Praesto

546 2330 598 2383 est
620 2326 771 2396 perfecta
793 2325 967 2381 actionum
990 2325 1214 2393 congruentia
1237 2326 1443 2396 temporalis.

436 2513 526 2579 Haec
557 2514 685 2598 quidem
716 2535 797 2597 quae
827 2536 913 2577 nunc
942 2512 1014 2577 dico
1042 2512 1225 2597 praesentia
1252 2513 1294 2576 ab
1318 2513 1384 2577 illis
1411 2514 1470 2577 sub
1493 2511 1532 2577 A.
1556 2518 1591 2577 et
1616 2513 1658 2579 C.

348 2622 499 2688 tractatis
523 2621 585 2685 hoc
608 2619 861 2704 distinguuntur.
907 2618 1008 2682 Fiunt
1036 2619 1179 2683 actiones
1204 2642 1315 2684 eorum
1337 2619 1373 2682 in
1396 2621 1502 2703 spatio
1527 2625 1660 2704 tempo-

348 2731 394 2793 ris
425 2728 511 2812 quod
539 2749 605 2791 non
627 2726 722 2810 plane
747 2748 898 2810 praesens
931 2730 997 2809 est,
1030 2726 1085 2789 sed
1114 2748 1153 2789 ex
1175 2730 1344 2810 praesente
1373 2726 1576 2792 infuturum
1601 2750 1660 2792 ex-

349 2838 483 2901 tendens
516 2841 675 2916 utramque
705 2834 873 2897 notionem
906 2833 940 2896 in
973 2855 1006 2896 se
1040 2833 1192 2897 continet.
1238 2832 1331 2908 Quod
1355 2834 1440 2897 enim
1463 2834 1661 2899 enuntiatur

299 2999 301 3003 .
350 2948 383 3008 et
413 2944 453 3006 ad
483 2947 606 3006 statum
635 2945 840 3025 praesentem
870 2941 957 3004 valet
991 2944 1024 3003 et
1055 2941 1094 3003 ad
1124 2939 1312 3025 futurum¹).
1368 2940 1545 3004 Notionem
1573 2963 1661 3006 sane

349 3052 483 3116 absolute
515 3050 674 3127 futuram,
707 3048 745 3112 de
778 3069 842 3130 qua
874 3047 960 3110 infra
983 3047 1153 3111 dicendum
1176 3047 1252 3129 erit,
1279 3047 1359 3111 haec
1387 3047 1571 3130 praesentia
1595 3050 1662 3112 mi-

350 3160 435 3222 nime
469 3157 662 3241 exprimunt.
715 3154 867 3220 Ceterum
898 3154 982 3219 hanc
1019 3153 1253 3218 enuntiationis
1291 3154 1481 3218 subiunctae
1514 3154 1580 3217 rim
1616 3177 1662 3219 ex

351 3266 420 3328 eius
450 3266 490 3328 ad
520 3263 776 3328 enuntiationem
805 3262 1017 3346 principalem
1049 3261 1205 3326 relatione
1234 3261 1365 3325 omnino
1393 3260 1484 3342 oriri,
1515 3261 1568 3323 vix
1594 3267 1662 3347 est,

352 3370 438 3455 quod
460 3374 579 3435 notem.

441 3584 709 3650 Coniunctioncm
732 3583 906 3648 ‘wahrend'
931 3583 1100 3666 vertimus,
1123 3581 1227 3646 rarius
1251 3580 1299 3645 ‘so
1324 3582 1417 3667 lange
1441 3578 1510 3645 als’.

441 3796 600 3883 Exempla
618 3804 706 3864 sunt:
731 3799 836 3863 Plaut.
851 3798 968 3862 Bacch.
985 3798 1046 3863 737
1068 3796 1183 3880 ‘Manu
1206 3797 1282 3860 dum
1302 3796 1442 3879 scribit';
1466 3796 1530 3861 988
1555 3794 1661 3882 ades,

354 3906 430 3970 dum
454 3928 514 3992 ego
542 3907 602 3971 has
631 3906 789 3992 perlego'3
812 3904 883 3971 Cas.
908 3904 969 3987 IV,
993 3907 1027 3987 3,
1053 3908 1068 3968 1
1095 3903 1177 3988 ‘Age
1203 3903 1337 3967 tibicen!
1367 3903 1443 3966 dum
1466 3903 1557 3966 illam
1580 3904 1661 3968 edu-

354 4018 432 4078 cunt
454 4014 518 4079 huc
539 4036 658 4079 novam
680 4018 815 4096 nuptam
837 4013 939 4094 foras,
963 4011 1061 4076 Suari
1084 4014 1182 4075 cantu
1205 4010 1394 4075 conleecbra
1418 4032 1546 4073 omnem
1568 4010 1660 4075 hanc

353 4122 496 4205 plateam
522 4119 726 4205 hymenaeo'3
754 4119 800 4204 V,
824 4120 860 4202 2,
883 4119 904 4182 5
932 4117 1084 4202 ‘Operam
1112 4118 1200 4202 date,
1230 4118 1307 4181 dnm
1336 4137 1408 4179 mea
1431 4116 1519 4181 facta
1541 4117 1657 4201 itero’3

286 4239 296 4262 ·
355 4227 447 4293 01116.
471 4228 535 4293 253
566 4227 670 4292 ‘mane
700 4228 759 4310 sis,
789 4227 865 4291 dum
894 4225 971 4289 huic
999 4224 1122 4289 conicio
1152 4221 1327 4306 somnum'3
1357 4223 1423 4287 280
1446 4222 1542 4286 ‘Date
1566 4223 1658 4289 viam
1769 4283 1770 4317 ἢ

355 4335 445 4419 mihi,
466 4335 538 4400 noti
556 4335 671 4420 ignoti,
694 4335 770 4398 dum
793 4355 853 4419 ego
872 4333 926 4397 1116
946 4329 1089 4395 officium
1108 4353 1214 4394 meum
1233 4328 1359 4413 Facio'3
1382 4327 1466 4393 Men
1490 4329 1555 4394 552
1579 4327 1658 4395 ‘Sed

428 4550 453 4617 1)
474 4546 608 4601 Omnibus
628 4543 735 4598 scilicet
752 4547 849 4598 notum
869 4544 920 4611 est,
940 4559 1001 4595 cum
1021 4540 1088 4594 olim
1106 4556 1239 4610 praesens
1257 4538 1345 4593 futuri
1363 4556 1477 4593 munere
1495 4556 1557 4594 6666
1576 4540 1658 4596 fune

355 4639 424 4703 tum,
443 4638 503 4689 tum
522 4634 598 4688 omni
625 4636 719 4687 aetate
747 4633 886 4687 actionem
915 4632 952 4684 ad
979 4631 1104 4684 futurum
1127 4631 1301 4699 spectantem
1320 4628 1483 4698 saepissime
1501 4627 1657 4687 illustrare.

356 4724 396 4780 ef.
415 4724 537 4779 Kuhner.
556 4722 699 4778 Ausfiihrl.
719 4722 811 4777 Gram.
832 4722 858 4777 d.
877 4722 938 4776 Lat.
959 4720 1018 4790 Spr.
1037 4720 1071 4788 Il,
1090 4726 1116 4788 -1‚
1134 4738 1162 4788 p.
1182 4724 1224 4774 85.
