3609 5509
837 1526 911 1614 top.
939 1526 964 1595 1.

391 1722 460 1794 De
483 1718 621 1794 ‘dum'
651 1719 879 1817 particula
907 1718 1121 1796 adverbio
1150 1720 1402 1815 temporali.

877 1933 920 2006 A.

611 2121 660 2176 De
683 2119 844 2176 adverbio
867 2132 929 2189 per
951 2133 987 2175 se
1009 2123 1183 2189 usurpato.

339 2309 475 2373 lnitium
483 2307 507 2394 ¹)
525 2309 566 2373 ab
581 2308 662 2373 Acci
676 2306 794 2393 tragici
818 2307 890 2372 loco
920 2306 963 2394 (v.
983 2308 1048 2372 395
1067 2305 1119 2394 R.)
1152 2308 1289 2373 facimus
1320 2311 1431 2396 magni
1454 2312 1552 2394 pretii

251 2416 461 2483 aestimando.
507 2416 629 2481 Narrat
660 2416 716 2479 ille
739 2415 774 2478 in
796 2414 911 2479 Medea
933 2419 1060 2500 pastor,
1084 2437 1117 2479 se
1141 2420 1324 2481 monstrum
1346 2417 1552 2501 horrendum,

250 2527 284 2590 id
308 2527 358 2589 est
382 2524 474 2609 Argo
492 2545 617 2606 navem,
641 2521 770 2607 vidisse,
793 2545 875 2607 quae
900 2546 997 2607 super
1025 2546 1113 2587 mare
1137 2524 1358 2608 inveheretur,
1384 2526 1551 2608 utiturque

251 2632 303 2698 his
327 2631 449 2695 verbis:
472 2629 537 2694 ‘Ita
560 2629 637 2692 dum
655 2628 875 2713 interruptum
899 2630 1010 2693 credas
1032 2630 1182 2694 nimbum
1204 2631 1342 2716 volvier,
1365 2631 1452 2696 Dum
1467 2631 1552 2715 quod

252 2738 389 2804 sublime
426 2737 531 2802 ventis
565 2736 734 2820 expulsum
771 2737 841 2820 rapi
877 2734 997 2800 Saxum
1030 2741 1086 2801 aut
1117 2739 1285 2823 procellis,
1317 2740 1367 2804 vel
1398 2740 1553 2825 globosos

251 2845 399 2910 turbines
422 2843 572 2909 Existere
591 2842 675 2907 ictos
694 2843 789 2908 undis
813 2842 1103 2909 concursantibus'.
1154 2844 1217 2910 Hic
1241 2844 1340 2910 ‘dum’
1365 2846 1554 2910 adverbium

252 2952 432 3037 temporale
469 2949 761 3014 demonstrativum
797 2953 855 3035 pat
875 2955 898 3014 t.
953 2949 1103 3015 Indicant
1130 2951 1309 3037 particulae
1337 2952 1430 3035 quasi
1458 2951 1554 3037 digiti

252 3060 315 3124 duo
339 3057 498 3143 temporis
521 3057 628 3141 spatia
651 3056 737 3120 inter
760 3079 794 3121 se
818 3057 981 3122 disiuncta
1004 3062 1101 3142 atque
1126 3059 1279 3144 discreta,
1306 3063 1344 3124 ut
1372 3058 1419 3123 sic
1446 3059 1555 3124 locum

253 3168 406 3232 audacter
438 3165 569 3254 reddere
602 3164 712 3230 liceat:
741 3163 828 3229 ‘Die
852 3165 977 3230 Weile
1002 3163 1106 3252 (bald)
1139 3166 1303 3232 mochtest
1330 3167 1373 3231 du
1405 3168 1555 3253 glauben,

253 3276 322 3340 dass
354 3274 425 3338 eine
449 3272 699 3359 ausgeborstene
722 3272 843 3337 Wollre
867 3273 1059 3358 dahinrollt,
1091 3274 1153 3338 die
1186 3273 1309 3338 Weile
1338 3271 1455 3359 (bald),
1485 3274 1554 3338 dass

254 3383 307 3447 ein
329 3380 580 3466 fortgerissener
602 3379 720 3444 Felsen
743 3402 807 3444 von
830 3378 973 3445 Winden
1005 3382 1082 3445 oder
1115 3379 1268 3446 Stfirmen
1299 3381 1555 3467 dahingetragen

253 3487 345 3555 wird’
361 3510 388 3552 e.
404 3510 433 3570 q.
449 3510 491 3552 s..
533 3484 786 3551 Commendatur
809 3487 1002 3572 praesertim
1020 3488 1101 3553 haec
1119 3490 1298 3572 particulae
1318 3489 1556 3574 interpretatio,

255 3621 329 3663 cum
348 3594 536 3659 adverbium
562 3593 625 3657 ‘die
652 3591 802 3682 Weile’2)
823 3594 1040 3659 Theodiscum
1063 3619 1097 3660 re
1121 3619 1197 3661 vera
1221 3601 1382 3673 occurrat,
1406 3596 1495 3660 velut
1522 3597 1554 3660 in

253 3706 316 3770 hac
336 3701 510 3767 sententia:
535 3699 606 3765 ‘vvir
624 3701 743 3766 wollen
762 3701 813 3766 die
827 3699 963 3789 Weil(e)
979 3702 1129 3768 zusehen’
1146 3701 1377 3790 (Vemaleken,
1391 3702 1555 3769 Deutsohe

256 3811 381 3897 Syntax
398 3807 442 3892 II,
460 3831 491 3892 p.
513 3805 599 3892 184).

345 4023 495 4088 Alterum
518 4022 636 4106 locum,
659 4023 715 4106 qui
736 4023 916 4107 particulae
944 4024 1011 4088 vim
1038 4024 1329 4089 demonstrativam
1353 4025 1471 4089 clarius
1495 4026 1558 4090 for-

257 4139 343 4198 tasse
362 4132 594 4215 repraesentat,
609 4151 648 4193 ex
661 4128 843 4196 Mercatore
857 4131 1011 4196 Plautina
1026 4129 1068 4218 (v.
1084 4128 1195 4218 348)³)
1211 4132 1323 4196 affero:
1347 4130 1471 4197 ‘tantus
1486 4156 1558 4197 cum

346 4399 372 4467 1)
391 4394 479 4447 Locos
498 4391 554 4447 nisi
571 4393 618 4449 hic
637 4395 689 4448 sub
707 4394 739 4451 A.
760 4412 856 4449 omnes
875 4398 986 4451 servato
1006 4396 1140 4466 temporis
1159 4397 1256 4452 ordine
1274 4396 1397 4452 laudavi.

345 4487 373 4553 2)
393 4483 433 4538 Of.
453 4482 531 4536 Koch
550 4482 622 4539 Hist.
644 4484 736 4540 Gram.
756 4484 782 4539 d.
802 4485 883 4555 Engl.
904 4485 1028 4555 Sprache
1043 4485 1054 4517 ²
1068 4487 1102 4555 II,
1130 4504 1156 4555 p.
1176 4491 1243 4540 498:
1266 4486 1326 4540 Heo
1345 4486 1443 4555 isegen
1462 4486 1559 4556 scipen

257 4591 294 4628 an
312 4574 368 4628 and
387 4589 424 4625 an
441 4571 520 4626 while
538 4571 624 4643 (wile)
642 4591 697 4643 ma,
715 4576 793 4630 white
811 4591 880 4641 nau3
899 4591 923 4630 e.
939 4594 965 4644 q.
981 4594 1002 4631 s.
1023 4575 1115 4646 (bald
1132 4576 1267 4644 mehrere,
1287 4576 1369 4630 bald
1386 4575 1503 4647 heines).

347 4667 374 4734 3)
394 4662 427 4715 In
463 4661 664 4732 Bacchidibus,
701 4663 903 4733 Menaechmis,
940 4665 1032 4720 Milite
1065 4665 1204 4733 Glorioso,
1241 4665 1429 4733 Mostellaria,
1467 4666 1560 4734 Persa,

258 4753 398 4812 Pseudulo
429 4767 560 4810 numeros
593 4769 694 4824 sequor
730 4752 863 4809 editionis
895 4754 1105 4811 Ritschelianae
1135 4756 1251 4825 prioris,
1288 4754 1318 4808 in
1349 4755 1561 4826 Amphitruone,
