3609 5509
848 324 1060 387 *34—

305 500 483 564 enuntiatio
503 501 569 563 iam
589 499 760 563 subiuncta
784 523 876 564 suam
899 501 1093 583 particulam
1113 502 1325 565 conservabat
1344 523 1440 565 sensu
1459 502 1613 565 relativo

303 604 356 672 Sic
376 628 454 692 ergo
474 606 598 671 facturn
622 610 680 690 est,
704 610 741 670 ut
765 606 863 671 ‘dum'
887 608 1050 692 particula
1072 609 1230 692 paulatim
1253 611 1423 673 malaractio
1447 609 1612 673 evaderet.

301 712 495 797 Exemplum
530 736 627 798 supra
659 715 803 797 positum
835 738 921 779 nunc
957 716 1005 779 ita
1038 719 1257 780 transmutare
1290 738 1476 799 possumus:
1510 715 1612 780 ‘dum

300 825 411 903 pavet,
435 819 568 884 tremit'.

389 1034 496 1099 Huius
507 1059 545 1099 ex
555 1036 792 1121 significatione
799 1038 975 1102 adverbiali
988 1037 1023 1101 in
1032 1038 1611 1123 significationemconiunctionalem

302 1143 493 1207 mutationis
517 1144 603 1207 viam
627 1166 663 1208 ac
687 1144 847 1208 rationem
870 1149 970 1228 recte,
992 1146 1027 1208 ni
1050 1145 1160 1230 fallor,
1184 1145 1325 1229 exposui.
1367 1144 1453 1209 Nam
1468 1146 1514 1209 sic
1533 1167 1613 1229 pro-

302 1251 502 1335 gressionem
528 1251 685 1315 habemus
715 1251 918 1337 concinnam,
951 1253 1069 1337 quippe
1100 1254 1176 1337 quia
1202 1252 1384 1317 necessario
1413 1253 1470 1316 illa
1502 1252 1612 1316 fusior

301 1357 424 1421 locutio
454 1356 555 1440 ‘dum,
584 1357 671 1422 dum'
697 1358 888 1442 simpliciori
913 1359 1095 1423 antecessit.
1137 1358 1236 1423 Cuius
1256 1360 1302 1423 rei
1322 1360 1414 1444 quasi
1437 1359 1531 1423 testis
1555 1362 1613 1422 est

303 1464 536 1548 Quintilianus,
570 1465 624 1547 qui
648 1465 846 1529 locutionem
874 1464 980 1547 ‘dum,
1004 1464 1096 1528 dum'
1125 1468 1286 1547 antiquom
1310 1466 1461 1549 appellat.
1502 1465 1541 1529 In
1564 1466 1611 1528 iis

303 1592 384 1653 quae
407 1571 609 1635 laudavimus
634 1571 789 1655 exemplis
817 1593 894 1634 usus
926 1593 963 1635 ea
994 1592 1091 1635 causa
1120 1571 1247 1635 videtur
1277 1594 1346 1636 esse
1377 1576 1539 1655 servatus,
1569 1576 1611 1634 ut

302 1681 375 1740 arto
400 1682 574 1761 utrumque
599 1679 779 1743 sententiae
803 1679 985 1741 membrum
1008 1677 1136 1742 vinculo
1161 1679 1389 1743 contineretur.

390 1891 460 1956 Nec
483 1892 721 1976 progressionis
750 1893 919 1978 analogiae
947 1893 1042 1957 nobis
1066 1894 1190 1957 desunt.
1231 1893 1270 1986 ln
1292 1892 1344 1957 his
1369 1894 1454 1958 enim
1476 1895 1611 1978 linguae

302 1997 444 2062 Graecae
467 1997 638 2081 particulis
662 2000 828 2078 cori-elatio,
852 2022 950 2084 quam
973 2001 1138 2083 parataxis
1161 2001 1353 2084 praecessit,
1381 2000 1453 2084 ipsa
1479 2001 1611 2064 induxit

300 2106 489 2189 hypotaxin.
530 2106 575 2170 Et
605 2107 783 2171 notandum
813 2111 875 2191 est,
904 2129 957 2171 eas
992 2107 1233 2172 coniunctiones
1263 2129 1344 2190 quae
1373 2130 1502 2172 sensum
1529 2131 1610 2191 prae

301 2235 335 2276 se
364 2211 472 2276 ferunt
499 2194 673 2277 relativum
700 2236 811 2279 omnes
844 2237 883 2278 ex
916 2215 1078 2279 radicibus
1109 2215 1188 2280 olim
1220 2214 1485 2279 demonstrativis
1516 2220 1609 2279 ortas

302 2342 379 2383 esse.
427 2318 511 2383 ‘Den
541 2321 771 2406 angegebenen
798 2321 1063 2404 Konjunotionen
1091 2321 1304 2405 entsprechen
1330 2321 1376 2386 im
1403 2320 1609 2405 Hauptsatze

302 2427 462 2490 entweder
486 2428 713 2492 ausdrlioklich
741 2432 882 2513 gesetzte
913 2429 990 2493 oder
1017 2452 1063 2493 zu
1087 2429 1325 2514 ergttnzende
1348 2428 1609 2493 Demonstrativ-

210 2573 212 2577 >
302 2533 484 2616 adverbien,
499 2535 560 2598 als:
576 2534 629 2599 dre
646 2587 652 2600 .
667 2585 673 2598 .
691 2538 799 2613 ‚vom
821 2534 902 2610 ἕως.
920 2583 926 2597 .
942 2583 950 2600 .
965 2533 1046 2610 τέως
1060 2533 1187 2621 (poet),
1201 2530 1284 2620 ἦμος
1298 2585 1305 2599 .
1321 2587 1327 2599 .
1343 2587 1349 2601 .
1364 2545 1464 2619 τῆμος
1479 2532 1610 2621 (poet.);

302 2642 391 2725 ὄφρα
412 2690 440 2704 ..
461 2693 467 2704 .
491 2644 598 2725 τόφρα
623 2639 750 2727 (poet),
781 2643 879 2724 ἥνίκα
898 2690 905 2705 .
927 2645 1095 2724 ..τηνίκα
1126 2641 1238 2728 (poet.)
1267 2652 1460 2726 τηνικαῦτα;
1489 2642 1533 2719 ὡς
1552 2691 1559 2705 .
1575 2692 1606 2706 ..

302 2747 373 2830 ὦς’,
393 2770 418 2811 e.
438 2771 467 2831 q.
489 2771 511 2811 s.
541 2747 698 2833 (Kfihner.
726 2748 896 2812 Ausfiihrl.
917 2748 1059 2813 Gramm.
1080 2749 1108 2812 d.
1129 2747 1183 2813 Gr.
1205 2749 1289 2834 Spr.²
1308 2750 1351 2834 II,
1369 2774 1400 2834 p.
1419 2746 1507 2835 949).

391 2962 517 3026 Harum
541 2963 685 3028 omnium
705 2964 956 3028 correlatiouum
975 2964 1033 3027 illa
1052 2963 1096 3039 ὡς
1115 3013 1121 3027 .
1137 3014 1166 3029 ..
1186 2965 1230 3041 ὥς
1251 2968 1382 3029 nostrae
1403 2963 1499 3041 ‘dum,
1518 2961 1607 3026 dum'

304 3070 470 3134 simillima
494 3075 552 3134 est.
598 3069 725 3134 Laudat
748 3071 922 3135 Kiihnerus
951 3075 1018 3135 tres
1041 3072 1130 3135 locos
1154 3069 1359 3134 Homericos:
1396 3069 1432 3144 Ξ.
1451 3071 1516 3135 294
1544 3068 1608 3145 ‘ag

305 3171 334 3239 d’
367 3178 453 3259 ἰδεν,
482 3178 526 3253 ὥς
553 3202 610 3261 μιν
635 3163 879 3260 suegrestede
908 3176 1032 3261 φρένας
1060 3174 1324 3261 δμῳικάλνψεν’;
1362 3180 1395 3242 Τ.
1416 3178 1458 3242 15
1486 3175 1607 3259 ‘adrolo

304 3279 468 3367 Ἀχιλλεὺς
491 3285 535 3360 ὡς
559 3279 633 3367 εἶδ’,
658 3285 702 3361 ὥς
724 3309 783 3369 μιν
805 3290 932 3369 μᾶλλον
955 3286 1015 3349 ἔδυ
1038 3284 1170 3368 χόλος’,
1189 3307 1216 3347 κ.
1231 3306 1257 3347 τ.
1272 3307 1316 3358 α.;
1345 3288 1378 3346 Y.
1399 3285 1462 3348 423
1487 3283 1607 3365 ςοιύνδεο

301 3387 466 3474 Ἀχιλλεὺς
485 3392 529 3467 ὡς
548 3385 622 3475 εἶδ’,
647 3392 691 3467 ὣς
709 3390 882 3473 ἀνέπαλτο,
897 3390 953 3456 καὶ
971 3393 1139 3476 οἰχόμενος
1154 3394 1232 3466 ἔπος
1244 3390 1353 3473 ηὔδα’.
1394 3391 1606 3455 Locutioncm

304 3498 453 3561 imitatur
467 3498 673 3564 Theocritus:
697 3499 740 3583 II,
760 3500 802 3564 82
826 3498 906 3582 ’χώς
930 3500 1022 3581 ἴδον,
1047 3498 1091 3574 ὣς
1113 3497 1238 3582 ἐμάνην
1258 3497 1302 3574 ὣς
1321 3522 1382 3581 μεν
1402 3519 1476 3581 περι
1498 3497 1607 3581 θυμὸς

305 3604 428 3688 ἰάφθη’
451 3642 487 3651 --
510 3605 692 3671 Fritsohius
717 3606 773 3682 ‘eg
788 3605 925 3690 ἐμάνην’
941 3634 998 3683 —-;
1022 3605 1083 3689 Ill,
1097 3606 1148 3670 42.
1169 3605 1379 3670 Theocritum
1393 3605 1542 3667 imitatus
1556 3607 1606 3667 est

304 3716 433 3795 praeter
447 3712 583 3777 Bionem
599 3711 638 3797 (l,
652 3709 708 3798 40)
733 3717 766 3776 et
789 3712 961 3778 Moschum
981 3710 1037 3798 (ll,
1058 3709 1113 3799 74)
1137 3711 1303 3797 Vergilius
1323 3708 1405 3796 (Εοί.
1426 3710 1517 3794 Vlll,
1535 3707 1605 3795 lu:

305 3817 368 3883 ‘Ut
391 3819 469 3901 vidi,
492 3823 530 3882 ut
552 3819 634 3902 perii
658 3823 694 3882 ut
719 3842 769 3882 me
794 3820 898 3883 malus
924 3820 1061 3883 abstulit
1085 3819 1198 3884 error'.

393 4032 462 4096 Nec
495 4033 577 4096 mihi
604 4033 738 4096 dubium
766 4036 829 4116 est,
862 4033 940 4116 quin
966 4033 1019 4097 hic
1050 4055 1127 4096 usus
1156 4034 1280 4097 omuino
1306 4032 1491 4116 primitivus
1501 4029 1523 4118 ¹)
1551 4032 1605 4096 ha-

305 4140 428 4204 bendus
467 4139 518 4202 sit.
569 4140 673 4215 Quam
707 4140 902 4204 sententiam
935 4138 1108 4204 Kiihnerus
1142 4162 1268 4224 quoque
1301 4140 1438 4222 probare
1471 4139 1605 4203 videtur.

414 4336 439 4400 1)
459 4331 498 4386 Of.
515 4332 650 4386 Schmalz.
687 4331 798 4385 Handb.
819 4331 845 4385 d.
865 4331 950 4385 klass.
970 4331 1228 4400 Alterthumswiss,
1248 4350 1274 4400 p.
1295 4337 1359 4385 357:
1382 4332 1443 4384 ‘das
1462 4331 1515 4384 mit
1529 4331 1605 4385 deih-

305 4420 425 4474 tischem
452 4440 479 4477 ee
507 4439 557 4474 aus
585 4424 610 4476 si
635 4420 820 4474 entstandene
846 4423 885 4475 sie
913 4421 1141 4490 korrespondiert
1163 4421 1216 4474 mit
1234 4424 1258 4475 st
1277 4423 1335 4474 erst
1353 4421 1406 4474 seit
1424 4422 1514 4473 Horaz
1533 4441 1554 4475 z.
1575 4422 1604 4474 B.

307 4527 349 4579 ep.
370 4515 394 4577 1,
415 4517 438 4577 7,
459 4517 491 4564 69
519 4514 558 4565 sc'c
586 4513 719 4581 ipuooc'sse
743 4518 852 4580 putato,
881 4514 905 4566 si
928 4529 1007 4566 cenos
1030 4513 1109 4565 hodic
1126 4528 1228 4565 meeum
1247 4509 1296 4577 (ist
1315 4510 1381 4563 aber
1400 4509 1543 4563 vielleicht
1561 4509 1606 4562 die

306 4598 571 4667 ursprfingliche
590 4599 794 4653 Konstrulrtion
814 4626 846 4646 =
867 4601 927 4653 “so
947 4600 985 4652 du
1003 4600 1087 4653 heuto
1106 4599 1159 4651 mit
1176 4598 1230 4651 mir
1249 4599 1375 4667 speisest,
1406 4615 1440 4651 so
1460 4598 1551 4651 darfst
1569 4599 1606 4651 du

307 4688 489 4757 glauben”)’.
