3609 5509
893 1674 968 1763 (lap.
997 1672 1032 1741 V.

481 1884 546 1957 De
575 1883 791 1958 universa
818 1882 1068 1979 particulae
1097 1882 1447 1956 constructione.

405 2148 568 2232 Opusculo
593 2149 673 2236 satis
697 2171 842 2233 operoso,
866 2152 1024 2233 quantum
1048 2148 1087 2211 ad
1110 2147 1199 2212 locos
1224 2147 1342 2212 attinet
1365 2147 1551 2228 laudandos,
1574 2147 1615 2211 ad

315 2253 444 2341 finem1)
459 2255 589 2320 tandem
603 2257 769 2340 perducto,
784 2261 870 2321 certe
885 2278 1002 2340 operae
1015 2255 1157 2339 pretium
1172 2255 1243 2339 erit,
1258 2255 1441 2339 generalem
1454 2255 1615 2337 quandam

316 2363 507 2445 doctrinam,
526 2366 700 2446 antequam
719 2364 760 2427 ad
778 2364 951 2429 umbilicos
971 2363 1102 2428 omnino
1121 2362 1356 2447 perveniamus,
1375 2365 1498 2425 etanto
1512 2383 1616 2426 exem·

315 2470 446 2553 plorum
469 2490 583 2533 acervo
608 2491 718 2534 eruere
742 2472 859 2535 conari.

405 2683 551 2747 Primum
579 2683 708 2766 quidem
737 2683 928 2748 relationem
955 2684 1043 2749 illius
1072 2707 1145 2750 cum
1172 2684 1316 2749 themate
1342 2686 1510 2766 proeseotis
1538 2706 1616 2748 usus

318 2791 358 2854 ad
385 2790 471 2854 hunc
499 2813 572 2855 cum
600 2791 744 2855 themate
766 2791 895 2873 perfecti
918 2791 1076 2855 curiosius
1101 2796 1289 2856 scrutemur.
1335 2790 1467 2855 Etenim
1490 2793 1617 2856 numeri

317 2920 398 2984 quos
423 2920 520 2981 supra
543 2898 577 2961 in
600 2898 713 2962 tabula
735 2898 890 2982 descripsi
914 2896 1206 2983 (CCCCLXXIIII,
1229 2896 1385 2984 XXXVI)
1409 2903 1617 2983 praeceptum

317 3004 461 3087 aliquod,
493 3005 528 3068 ni
560 3004 670 3088 fallor,
703 3005 953 3090 grammaticum
984 3005 1079 3069 nobis
1112 3006 1235 3069 dabunt
1268 3009 1391 3070 attente
1420 3006 1618 3070 animadver—

316 3110 471 3174 tentibus.

405 3305 520 3371 Dicam
543 3308 630 3391 quod
653 3308 768 3372 sentio.
804 3307 1005 3373 Particulam
1027 3314 1162 3393 propter
1184 3314 1332 3373 actarum
1356 3309 1434 3392 eius,
1458 3315 1614 3392 quantum

317 3413 357 3477 ad
376 3416 545 3495 proesentis
568 3415 678 3478 thema
701 3415 829 3500 attinet,
852 3412 1062 3500 expletivaffl)
1087 3415 1147 3499 vel,
1169 3421 1206 3480 ut
1225 3416 1359 3480 verbum
1383 3416 1514 3500 fingam,
1537 3437 1615 3480 com-

309 3521 549 3603 paratarum
585 3522 740 3606 primum,
779 3522 857 3587 licet
886 3523 921 3586 in
949 3522 1149 3606 temporibus
1178 3522 1258 3586 satis
1286 3522 1435 3606 remotis,
1466 3542 1535 3586 cam
1561 3522 1617 3587 hoc

317 3626 446 3693 themate
469 3633 589 3694 tantam
612 3631 802 3713 usurpatam
826 3650 895 3693 esse
921 3629 1045 3712 opinor.

406 3841 494 3918 Quae
522 3841 652 3926 quidem
679 3863 730 3906 rne
757 3842 791 3906 in
818 3843 901 3907 hane
928 3843 1122 3908 sententiam
1147 3843 1281 3907 trahunt
1303 3843 1383 3906 haec
1407 3846 1496 3907 sunt:
1522 3847 1616 3907 notat

316 3947 351 4012 in
373 3948 414 4013 iis
438 3971 519 4032 quae
542 3949 671 4013 laudavi
695 3950 850 4033 exemplis
874 3948 973 4014 ‘dum’
998 3973 1070 4015 curn
1094 3950 1267 4014 indicativo
1287 3949 1476 4034 praesentis,
1500 3972 1562 4034 quo
1582 3949 1616 4012 in
1743 4001 1746 4008 .
1799 4003 1800 4020 ,

316 4059 461 4139 tempore
499 4056 622 4120 seilicet
658 4056 715 4119 illa
751 4055 907 4120 thematis
944 4056 1124 4139 praesentis
1161 4058 1297 4121 durandi
1331 4057 1422 4120 notio
1455 4056 1615 4140 imprimis

317 4162 449 4246 eminet,
476 4171 556 4226 non‘
570 4163 675 4226 solum
703 4163 810 4246 ipsum
839 4184 992 4247 praesens
1017 4160 1090 4248 (ΙΙΙ.
1119 4163 1172 4247 A,
1195 4161 1243 4248 Ο.)
1268 4163 1324 4227 sed
1356 4155 1495 4247 quodam
1519 4162 1615 4227 modo

317 4269 416 4332 etiam
439 4268 584 4333 futurum
608 4267 681 4355 (III.
706 4269 754 4353 D,
777 4268 828 4355 E)
863 4275 896 4334 et
919 4268 1098 4354 perfectum
1123 4267 1360 4356 (historicumss)
1390 4267 1462 4355 (ΙΙΙ.
1487 4268 1532 4353 F,
1554 4266 1617 4353 G.),

317 4376 381 4451 Qui
408 4397 485 4440 usus
513 4376 547 4439 in
573 4376 664 4440 nulla
691 4376 768 4460 alia,
794 4377 829 4440 ni
856 4376 967 4461 fallor,
994 4378 1155 4461 particula
1176 4379 1299 4459 pariter
1326 4376 1482 4441 aalmaosi
1509 4397 1618 4439 occur·

406 4571 432 4638 1)
451 4568 551 4622 Restat
568 4568 639 4622 illud
660 4569 831 4623 ‘dumtaxat’
852 4569 928 4637 quod
946 4568 976 4621 in
995 4569 1150 4638 appendice
1169 4569 1317 4624 excutiam.

405 4661 432 4727 2)
451 4656 491 4712 Cf.
511 4665 583 4726 quae
602 4657 660 4711 dixi
678 4657 760 4712 initio
780 4658 882 4727 capitis
901 4659 948 4713 ΙΠ.

405 4750 432 4815 3)
452 4745 492 4800 ef.
511 4746 610 4815 Kluge.
630 4748 648 4801 l.
668 4764 699 4816 e,
719 4765 745 4816 p.
767 4753 813 4814 763
833 4747 912 4802 errius
932 4751 1028 4803 tamen
1046 4746 1169 4819 ἀπορίαν
1196 4735 1258 4801 tota
1285 4747 1339 4801 hac
1366 4746 1539 4814 quaestionis
1569 4765 1615 4803 ex·

316 4834 479 4905 planatione
498 4836 605 4890 solvere
622 4853 673 4906 pro
692 4835 798 4892 viribus
817 4839 934 4893 conatus
955 4855 1023 4893 sum.
