3609 5509
717 399 931 463 ,67-

175 577 268 641 Truc.
289 576 353 641 843
377 575 475 639 ‘Nam
497 574 584 639 haud
608 574 771 658 mansisti,
795 576 871 639 dum
895 596 956 659 ego
980 575 1088 637 darem
1111 573 1214 637 illam'
1237 611 1274 617 -
1297 572 1396 637 ‘dum’
1420 572 1478 637 Oa-

176 684 348 767 merarius,
376 681 443 747 ‘de'
466 682 509 765 B,
537 680 644 746 ‘idem’
665 679 740 765 OD,
768 679 837 745 ‘ut'
856 680 913 744 LZ
932 706 991 764 -·,
1020 680 1091 744 Ter.
1110 680 1169 745 Ad.
1189 682 1254 745 673
1283 680 1342 745 ‘an
1369 680 1478 744 sedere

175 791 322 874 oportuit
340 789 439 854 Domi
462 789 622 873 virginem
641 791 709 852 tam
729 789 898 874 grandem,
922 789 998 852 dum
1013 792 1171 873 cognatus
1185 787 1249 852 huc
1263 788 1341 852 illuc
1355 786 1480 856 reniret

174 895 465 982 exspectantem'?;
489 895 642 980 Quadrig.
660 894 722 979 frg.
742 895 784 958 46
805 891 938 981 (Peter.)
964 893 1097 958 ‘Fabius
1121 895 1273 959 densete
1294 894 1401 977 coepit
1424 893 1480 956 ho·

175 1006 280 1069 stibus
300 1009 407 1070 eastra
427 1003 579 1068 simulare
598 1023 802 1087 oppugnare,
826 1024 900 1066 eum
914 1002 1044 1065 hostem
1059 1000 1233 1085 delectare,
1256 1003 1333 1065 dum
1355 1001 1480 1085 collega

174 1112 208 1175 id
231 1117 361 1196 caperet
384 1112 470 1196 quod
485 1109 664 1195 captabat,
687 1108 781 1173 Varr.
800 1109 849 1173 Dc
864 1109 943 1194 ling.
959 1092 1014 1172 lat.
1028 1107 1104 1191 VII,
1121 1108 1184 1172 105
1208 1107 1318 1172 ‘Liber
1333 1109 1389 1193 qui
1405 1130 1480 1172 suas

175 1240 289 1301 operas
322 1218 356 1281 in
389 1217 580 1281 servitutem
612 1236 671 1299 pro
704 1215 840 1298 pecunia
873 1215 1012 1299 quadam
1042 1215 1194 1300 debebat,
1226 1216 1303 1280 dum
1331 1216 1481 1298 solveret,

173 1347 275 1389 nexus
290 1314 457 1408 vocatnr',
472 1323 545 1387 Rer.
560 1325 640 1386 rust.
656 1320 698 1404 II,
712 1323 742 1406 4,
759 1324 775 1385 1
797 1321 864 1406 ‘qui
879 1326 1034 1406 quaestor
1047 1344 1121 1386 curn
1136 1314 1223 1386 esset
1241 1374 1247 1385 .
1264 1370 1270 1382 .
1287 1373 1294 1386 .
1310 1375 1316 1385 .
1335 1323 1477 1404 relictus,

176 1432 232 1515 qui
254 1435 420 1515 praeesset
443 1428 612 1513 exercitui,
640 1430 717 1493 dum
739 1434 871 1514 praetor
894 1429 1029 1514 rediret,
1055 1430 1167 1494 hostes
1299 1430 1481 1513 impressio-

175 1561 250 1602 nem
272 1538 378 1602 facere
402 1540 577 1621 coeperunt
595 1537 630 1600 in
644 1535 778 1621 castra'3
800 1535 894 1601 Lucr.
909 1535 949 1621 V,
964 1536 1029 1600 976
1054 1534 1129 1600 ‘Sed
1143 1537 1237 1601 taciti
1252 1537 1480 1620 respectabant
1564 1556 1566 1559 ⁴

178 1667 354 1728 somnoque
383 1645 516 1728 sepulti,
546 1642 633 1707 Dum
661 1665 755 1708 rosea
781 1643 851 1708 face
880 1643 929 1707 sol
952 1642 1088 1706 inferret
1111 1643 1234 1706 lumina
1257 1643 1373 1729 caelo'3
1404 1642 1481 1707 Sall.
1576 1667 1581 1676 ·

176 1751 246 1837 Ing.
266 1753 317 1835 68,
332 1753 352 1815 3
368 1748 489 1838 (docet)
512 1750 634 1814 ‘decere
647 1750 723 1814 illos
739 1750 874 1815 relicum
888 1750 1036 1813 laborem
1051 1772 1154 1833 aequo
1174 1751 1282 1813 animo
1301 1750 1380 1833 pati,
1404 1750 1480 1813 dum

176 1881 235 1941 pro
260 1859 384 1923 civibus
409 1858 489 1941 suis,
512 1858 590 1921 viris
605 1857 806 1921 fortissumis
821 1862 919 1941 atque
935 1857 1149 1942 miserrumis,
1172 1878 1292 1940 poenas
1308 1855 1481 1940 caperent’.

267 2071 496 2137 Coniunctioni
518 2072 715 2156 respondent
737 2073 817 2137 haec
841 2072 1001 2137 adverbia.

267 2284 415 2372 ‘Longe':
444 2285 538 2351 Varr.
558 2286 631 2352 Rer.
651 2293 729 2352 rust.
750 2287 792 2372 ΙΙ,
814 2290 840 2371 1,
859 2288 880 2352 5
909 2286 954 2351 ‘et
977 2309 1040 2372 quo
1065 2285 1311 2371 descenderant,
1339 2287 1385 2351 ibi
1408 2309 1479 2371 pro·
1582 2357 1586 2366 ,

179 2398 345 2458 cesserunt
369 2395 479 2480 longe,
503 2395 579 2459 dum
603 2397 644 2460 ad
666 2418 726 2460 nos
750 2394 953 2479 perveniret'.
983 2463 990 2472 χ

267 2606 499 2693 ‘Plerumque't
527 2608 598 2673 Ter.
617 2608 714 2674 Phor.
733 2610 777 2673 90
805 2608 873 2673 ‘hic
901 2609 1085 2674 solebamus
1114 2608 1180 2674 fere
1203 2568 1398 2694 Plerumque
1426 2633 1481 2694 op-

178 2715 290 2800 periri,
313 2716 391 2780 dum
413 2716 488 2780 inde
511 2716 574 2780 iret
600 2715 753 2781 domum'.

269 3036 385 3103 Restat
413 3060 491 3104 usus
520 3040 600 3104 satis
626 3037 796 3125 notabiliS,
823 3042 998 3125 praebente
1022 3038 1247 3105 coniunctione
1272 3062 1401 3104 sensum
1426 3039 1481 3123 qui

181 3145 300 3208 dieitur
321 3146 493 3232 1111111111),
516 3170 590 3211 cum
614 3147 794 3211 enuntiatio
815 3148 988 3212 subiuncta
1003 3148 1175 3212 consilium
1189 3147 1316 3231 agentis
1332 3152 1480 3231 exponat.

181 3250 245 3313 Hic
265 3250 367 3314 ‘dum’
392 3254 432 3317 ab
456 3254 513 3317 illo
537 3254 711 3318 tritissimo
736 3252 794 3317 ‘ut’
818 3255 881 3318 hoc
895 3255 1015 3339 differt,
1039 3254 1125 3338 quod
1144 3253 1204 3317 ‘ut'
1223 3256 1346 3318 modum
1359 3254 1481 3318 indicat

83 3383 86 3390 ⁴
183 3357 310 3420 consilii
337 3359 536 3444 perficiendi,
565 3359 664 3424 ‘dum’
690 3363 864 3443 tempusue
886 3384 944 3444 quc
972 3362 1142 3426 consilium
1169 3361 1399 3445 perficiendum
1422 3365 1481 3425 est.

183 3462 322 3547 Oportet
350 3466 436 3529 enim
464 3467 606 3532 actiones
635 3469 747 3532 ambas
770 3468 837 3547 hic,
864 3473 902 3533 ut
930 3469 1024 3555 alias,
1051 3471 1086 3533 111
1117 3490 1179 3533 uno
1211 3470 1353 3551 temporis
1382 3470 1482 3551 spatio

182 3571 259 3636 fieri.
303 3572 392 3648 Quae
416 3597 466 3637 res
489 3575 667 3658 particulae
692 3577 823 3640 omnino
847 3578 993 3661 obstitit,
1017 3576 1188 3661 quominus
1209 3577 1393 3641 coniunctio
1411 3597 1481 3658 per·

128 3676 131 3682 ’
179 3678 255 3758 fecte
276 3680 384 3745 finalis
408 3685 535 3746 exstare
558 3680 711 3769 posset).

269 3999 428 4086 Exempla
452 4006 539 4067 sunt:
566 4003 670 4068 Plaut.
690 4005 781 4070 Asin.
801 4007 865 4071 935
890 4006 982 4072 ‘Non
1004 4007 1081 4071 licet
1105 4029 1233 4072 manere
1258 4004 1350 4093 (cena
1373 4009 1481 4091 coqui-

182 4104 249 4193 tur)
269 4109 345 4172 dum
360 4131 469 4173 cenem
485 4110 629 4196 modo’?;
652 4112 744 4177 Truc.
764 4114 807 4179 30
827 4115 923 4191 ‘Quid
937 4116 1113 4200 perierant,
1137 4115 1213 4179 dum
1228 4115 1359 4179 eliciant
1377 4116 1480 4199 pretia

272 4322 298 4389 1)
317 4318 357 4373 of.
376 4319 523 4377 Priscian:
542 4322 612 4377 Keil.
633 4322 725 4378 Gram.
745 4324 805 4379 Lat.
824 4325 872 4393 HI,
891 4343 938 4395 pp.
959 4331 1018 4393 298,
1038 4332 1097 4380 503.

272 4412 298 4478 2)
317 4407 357 4462 of.
377 4408 487 4465 Weber.
524 4412 847 4482 Entwiclrclungsgesch.
868 4416 894 4469 d.
914 4414 1110 4468 Absichtsttze
1129 4416 1142 4468 I
1161 4415 1287 4484 (Schanz.
1303 4415 1388 4470 Beitr.
1399 4416 1433 4484 Π,
1446 4420 1481 4485 1),

182 4516 208 4567 p¹
230 4504 261 4552 17
284 4543 288 4552 .
310 4544 315 4552 .
336 4544 341 4552 .
363 4543 367 4552 .
390 4498 477 4552 ‘reine
495 4499 702 4570 Finalpartikel
720 4501 790 4554 wird
810 4500 887 4573 ὄφρα
907 4505 995 4572 dann,
1019 4520 1099 4557 wenn
1122 4503 1168 4557 die
1186 4504 1339 4573 Handlung
1358 4506 1407 4558 des
1425 4505 1481 4557 Ab·

184 4587 363 4641 sichtssatzes
390 4588 470 4641 nicht
497 4605 533 4642 an
561 4589 623 4643 eine
651 4589 800 4644 Zeitdauer
825 4593 874 4646 der
897 4593 1147 4661 vorausgehenden
1164 4593 1317 4662 Handlung
1335 4595 1483 4662 angerciht

183 4678 295 4730 werden
321 4678 405 4745 kann,
433 4694 514 4731 wenn
541 4679 602 4733 also
629 4679 709 4734 nicht
736 4684 838 4750 gesagt
864 4681 910 4750 ist,
937 4684 1002 4736 dass
1021 4679 1067 4735 die
1086 4686 1159 4736 erste
1177 4683 1330 4751 Handlung
1349 4701 1378 4736 so
1397 4684 1481 4749 lange

183 4768 297 4822 wahren
315 4768 376 4837 soll,
395 4767 438 4821 bis
458 4767 503 4822 die
523 4768 620 4824 zweite
640 4769 815 4839 eingetreten
833 4770 893 4828 ist’.

1235 4862 1270 4914 ὅ*
