3609 5509
881 415 1100 498 *54-

429 596 570 660 ‘Paucos
594 592 692 658 dies':
718 591 794 658 Sall.
810 592 879 657 Cat.
895 593 979 678 36‚1
1007 591 1082 657 ‘Set
1105 593 1174 676 ipse
1197 616 1317 676 paucos
1342 593 1409 656 dies
1433 595 1659 656 conmoratus

341 704 425 787 apud
446 702 482 766 G.
497 701 696 766 Flaminium
714 700 896 765 Flammam
920 701 954 764 in
977 722 1057 787 agro
1072 700 1235 783 Arretino,
1259 701 1335 764 dum
1354 700 1526 765 vicinatem
1550 703 1661 763 antea

341 810 553 875 sollicitatam
576 808 675 873 armis
699 812 847 891 exornat,
878 809 1005 872 ...ad
1029 807 1187 872 Manlium
1211 805 1402 872 coutendit'.

430 1004 593 1089 ‘Amplius
615 1004 759 1069 horam':
788 1003 907 1070 Catull.
926 1003 1081 1089 ricino
1109 1003 1259 1087 ‘amplius
1287 1004 1403 1068 horam
1427 1002 1598 1069 Suffixum
1625 1004 1662 1067 in

342 1138 470 1181 summa
489 1136 543 1178 me
566 1113 699 1178 memini
723 1135 793 1178 esse
817 1135 924 1197 eruce,
946 1110 1034 1176 Dum
1056 1110 1118 1176 tibi
1141 1134 1192 1176 111
1215 1110 1341 1197 purgo'.

431 1328 518 1392 ‘Iam
541 1326 687 1391 dudum’:
711 1276 1019 1411 Plautianum,
1040 1326 1081 1390 15
1105 1324 1216 1409 ‘atque
1240 1326 1319 1390 adeo
1343 1326 1424 1390 mihi
1438 1327 1514 1390 dum
1538 1327 1662 1410 cupio,

343 1459 512 1522 perperam
535 1436 606 1499 lam
629 1436 750 1499 dudum
772 1435 880 1499 hercle
903 1432 1058 1498 fabulor'.

432 1649 534 1715 ‘Ibei’
569 1647 678 1736 (sensu
710 1649 897 1733 temporali,
929 1653 966 1712 ut
989 1644 1143 1733 videtur):
1176 1647 1258 1711 Eun.
1283 1647 1448 1712 1111261
1479 1645 1659 1733 (Vahlen.)

344 1759 448 1824 ‘Dum
471 1760 604 1823 censent
626 1761 749 1820 terrere
772 1755 883 1840 minis,
906 1755 1081 1819 hortantur
1103 1755 1169 1819 ibei
1193 1754 1272 1819 sos'.

434 1973 592 2037 ‘Tantum
616 1970 743 2035 modo':
768 1968 844 2034 Sall.
863 1968 940 2054 Jug.
959 1968 1011 2054 53,
1030 1969 1050 2033 3
1074 1968 1251 2033 ‘Numidae
1274 1973 1404 2033 tantum
1427 1971 1523 2034 modo
1543 1992 1660 2033 remo·

344 2081 423 2166 rati,
446 2081 523 2144 dum
540 2079 575 2142 in
594 2077 774 2162 elephantis
789 2077 946 2141 auxilium
959 2081 1091 2162 putant,
1114 2082 1289 2162 postquam
1304 2130 1310 2141 .
1326 2131 1331 2141 .
1348 2130 1354 2141 .
1370 2130 1376 2140 .
1392 2078 1510 2160 vident,
1533 2078 1659 2164 fugam

344 2186 493 2254 faciunt’.
1160 2187 1163 2194 '

434 2382 557 2466 ‘Usque
581 2434 588 2446 .
608 2433 613 2445 .
634 2433 640 2444 .
664 2380 809 2446 dudum':
831 2380 902 2445 Ter.
922 2380 1040 2445 Heaut.
1059 2382 1124 2446 983
1148 2380 1265 2447 ‘Immo
1288 2386 1322 2446 et
1344 2382 1391 2446 ibi
1415 2404 1499 2447 nuno
1521 2386 1657 2477 sumet

345 2512 448 2574 usque
471 2490 504 2553 id
528 2489 580 2574 egi
603 2489 737 2572 dudum,
760 2490 837 2552 dum
859 2489 1005 2573 loquitur
1027 2488 1144 2571 pater'.

436 2899 601 2966 Sentimus
624 2901 869 2966 vimiooasolem:
894 2897 972 2964 Sall.
992 2898 1062 2965 Cat.
1082 2900 1133 2985 58,
1152 2901 1173 2964 4
1195 2899 1313 2965 fseitis
1329 2901 1492 2985 equidem,
1515 2901 1656 2984 milites

346 3059 451 3093 ....,
479 3030 607 3093 qnoque
638 3009 747 3091 modo,
777 3008 853 3071 dum
883 3030 922 3070 ex
953 3007 1032 3071 urbe
1059 3007 1220 3090 praesidia
1248 3007 1412 3093 obperior‚
1444 3008 1478 3072 11
1507 3007 1655 3072 Galliam

345 3116 509 3200 profioisei
527 3113 754 3199 nequiverim'3
776 3112 862 3178 Hist.
877 3114 903 3198 i,
922 3116 1009 3197 41,6
1030 3111 1211 3200 (Dietseh.)‚
1230 3114 1495 3199 pravissumeque
1509 3138 1568 3198 per
1584 3138 1655 3180 see·

346 3224 423 3287 leris
446 3223 685 3287 immanitatem
709 3222 812 3287 adhue
836 3225 928 3285 tutus
952 3219 1029 3299 fuit,
1052 3222 1129 3286 dum
1147 3243 1204 3285 vos
1224 3225 1313 3286 metu
1328 3222 1487 3307 gravioris
1502 3222 1618 3286 serviti
1634 3243 1654 3284 a

347 3330 706 3414 repetundalibertate
734 3326 912 3393 terremini'
940 3365 976 3373 —
1003 3329 1176 3412 respondet
1206 3328 1427 3393 coniunctioni
1459 3329 1652 3393 adverbium

348 3436 483 3502 ‘adhue'
508 3473 555 3499 —.

976 3847 1017 3919 (i.

348 4072 396 4125 Do
429 4059 545 4125 ‘dum'
578 4068 818 4125 ooniunotiono¹
849 4081 929 4123 eum
960 4067 1141 4122 indioativo
1173 4067 1361 4136 praesentis
1394 4065 1545 4123 historici
1576 4067 1648 4121 sine

504 4176 655 4245 perfecta
677 4173 849 4231 actionum
873 4174 1095 4244 congruentia
1117 4174 1296 4243 temporali
1317 4177 1489 4242 usurpata

438 4362 633 4428 Coinoidunt
661 4365 790 4425 tantum
817 4361 870 4425 hio
899 4361 1146 4425 enuntiationes
1184 4321 1376 4426 Coniunctio
1398 4382 1526 4444 semper
1550 4360 1648 4426 ‘wah-

349 4469 442 4534 rend'
467 4469 627 4533 reddenda
651 4471 709 4532 est.

437 4663 516 4729 Loci
541 4669 628 4729 sunt:
657 4663 762 4728 Plant.
782 4664 901 4747 Amph.
923 4665 1009 4759 1120
1037 4664 1139 4729 ‘Dum
1166 4665 1246 4729 haee
1274 4668 1429 4749 aguntur,
1456 4685 1533 4728 voee
1562 4665 1647 4729 alara

349 4772 505 4837 inclamat
532 4794 666 4870 uxorem
694 4770 821 4857 tuam’3,
837 4772 954 4837 Baooh.
975 4773 1040 4838 950
1068 4773 1138 4837 ‘ille
1166 4773 1316 4837 inventus
1340 4771 1524 4836 mendicans
1547 4792 1646 4855 paene
