3609 5509
845 379 1062 444 -86÷

393 556 463 622 Iam
486 557 709 622 correlationis
734 557 839 622 forma
861 557 1030 641 primitiva
1053 561 1086 621 et
1109 557 1291 622 necessaria
1315 557 1437 621 locutio
1461 556 1519 620 illa
1541 556 1605 619 fuit

299 665 393 730 '‘dum
418 714 559 729 ......
582 663 680 749 dum',
711 664 746 728 in
779 687 843 749 qua
874 665 1037 749 particula
1068 664 1158 748 prior
1189 664 1255 728 vim
1287 664 1471 747 relativam,
1503 665 1606 727 altera

305 771 594 836 demonstrativam
630 772 738 835 habet.
783 770 878 836 Hane
914 772 1106 836 relationem
1143 770 1369 836 correlativam
1400 792 1461 834 usu
1493 770 1606 834 confir-

305 882 428 943 matam
451 901 527 943 mox
550 878 668 963 cupido
691 878 807 963 priscis
830 877 958 943 Latinis
983 879 1116 944 incessit
1139 880 1231 943 etium
1250 879 1428 943 lucidiorem
1446 877 1606 963 reddendi,

305 986 527 1071 captantibus,
554 988 592 1049 ut
619 1007 690 1050 mos
719 989 769 1050 est
795 986 965 1051 hominum
995 986 1218 1071 incultiorum,
1244 989 1374 1070 praeter
1402 985 1510 1050 omnia
1537 974 1621 1070 per·¹

306 1093 520 1178 spicuitatem.
557 1091 673 1177 Itaque
696 1093 826 1178 utrique
849 1093 1028 1178 particulae
1049 1097 1082 1157 et
1104 1093 1259 1157 relativae
1281 1096 1314 1157 et
1333 1093 1606 1158 demonstrativae

304 1203 473 1286 praetcrea
509 1199 702 1265 addiderrmt
738 1199 890 1264 adverbia
927 1200 1135 1285 correlative,
1171 1204 1209 1265 ut
1242 1201 1429 1265 vocularum
1462 1202 1604 1265 omnium

305 1329 462 1394 generum
485 1307 578 1392 quasi
600 1308 762 1373 acervatio
781 1308 886 1393 fieret3
909 1330 968 1372 nec
987 1330 1061 1372 cum
1080 1306 1179 1372 ‘dum'
1198 1307 1453 1372 demonstrativo
1472 1313 1607 1392 propter

305 1414 513 1479 iterationem
537 1411 640 1501 (uum
660 1465 776 1481 ......
795 1410 895 1500 dccuz')
920 1414 1112 1480 cultioribus
1132 1414 1263 1479 auribus
1282 1414 1490 1479 iniucundam
1508 1420 1605 1499 atque

306 1523 477 1586 molestam
505 1521 627 1587 omisso
654 1521 734 1587 haec
760 1521 912 1586 adverbia
935 1522 1142 1607 interierunt,
1170 1521 1226 1585 sed
1250 1544 1323 1586 cum
1345 1523 1451 1586 nostri
1475 1522 1606 1587 adrem

307 1630 554 1715 grammaticam
586 1650 705 1716 magno
738 1629 846 1694 fructu
879 1628 1070 1713 superstitis
1098 1628 1239 1713 priscam
1268 1629 1506 1694 coniunctionis
1534 1653 1605 1695 con-

307 1736 520 1801 structionem
542 1736 577 1800 in
601 1740 847 1821 omneeempus
871 1735 1096 1800 testificantur.

397 1951 485 2028 Quae
518 1955 627 2015 autem
655 1951 807 2014 adverbia
838 1951 873 2013 in
907 1949 1101 2014 correlative
1127 1972 1185 2034 per
1213 1949 1422 2014 eminentiam
1451 1950 1545 2015 divisi
1573 1955 1607 2015 et

307 2058 500 2124 correlative
528 2057 702 2142 simplicia,
728 2079 866 2142 quorum
894 2058 997 2122 altera
1019 2056 1054 2120 in
1076 2059 1214 2140 utraque
1222 2052 1246 2142 ¹)
1270 2056 1494 2122 enuntiatione
1517 2080 1607 2121 usur-

306 2167 377 2251 pari
395 2169 542 2251 possunt,
563 2166 667 2230 altera
686 2162 829 2252 (praeter
848 2163 988 2230 ‘cotidie'
1008 2167 1041 2228 et
1060 2160 1224 2249 ‘semper’)
1242 2164 1373 2229 nonnisi
1391 2164 1425 2229 in
1443 2165 1607 2252 primaria,

396 2379 598 2446 Oorrelativa
620 2380 677 2443 illa
699 2402 757 2465 per
781 2379 991 2445 eminentiam
1013 2379 1093 2444 haec
1117 2383 1205 2443 sunt:
1233 2377 1347 2464 ‘adeo'‚
1370 2377 1527 2463 ‘interea’,
1550 2379 1608 2444 ‘in-

308 2486 425 2573 terim',
448 2486 566 2571 ‘nunc’‚
589 2486 772 2572 tantisper'‚
795 2485 930 2571 ‘usque'.

310 2745 312 2752 ·
396 2719 594 2786 Aduerbium
618 2719 747 2805 quidem
771 2718 874 2785 ‘adeo'
899 2719 1005 2785 solum
1025 2718 1175 2804 occurrit,
1198 2718 1256 2784 ubi
1275 2718 1459 2784 coniunctio
1479 2741 1608 2783 sensum

307 2829 441 2912 praebet
469 2826 653 2892 limitivum.
698 2825 820 2891 Exstat
846 2826 881 2892 in
904 2825 1128 2916 enuntiatione
1152 2826 1325 2891 subiuncta
1346 2825 1398 2890 his
1421 2825 1515 2890 locis:
1538 2821 1607 2910 Hy)

307 2935 412 2999 Plaut.
435 2934 533 2999 Merc.
556 2934 633 3019 6573
669 2933 726 2998 IV.
755 2932 804 3018 (1.,
833 2935 849 2999 1
875 2932 981 2998 Plaut.
1004 2932 1102 2999 Merc.
1127 2936 1182 3000 78:
1205 2934 1240 2998 in
1262 2933 1416 3018 primaria
1437 2932 1500 2997 hoc
1523 2933 1608 2997 loco:
1724 2935 1727 2940 ’

256 3071 259 3076 ’
308 3042 350 3108 Η.
373 3042 444 3107 Ter.
467 3041 565 3106 Phor.
590 3042 662 3106 737.
700 3039 859 3106 Similiter
877 3044 1063 3125 usurpatur,
1087 3040 1177 3105 ‘adeo
1203 3036 1354 3126 (usque),
1377 3040 1432 3104 sed
1455 3040 1490 3103 in
1513 3062 1609 3104 enun-

308 3149 445 3214 tiatione
469 3153 598 3213 tantum
622 3149 807 3214 subiuncta:
829 3147 870 3211 H.
894 3147 1001 3211 Plaut.
1021 3147 1112 3212 Asin.
1136 3148 1215 3232 3283
1237 3146 1286 3232 Κ,
1310 3170 1335 3212 e.
1359 3146 1466 3212 Plaut.
1490 3145 1607 3232 Amph.

306 3257 382 3322 472.
418 3255 468 3320 De
492 3255 605 3340 ‘usque
630 3251 749 3342 (adeo’)
774 3254 859 3319 infra
881 3255 995 3319 dicam.
1032 3254 1201 3319 Vertimus
1226 3254 1317 3319 ‘adeo
1337 3253 1424 3319 dum'
1445 3255 1493 3320 ‘so
1512 3256 1610 3341 lange

308 3362 381 3447 bis’,
405 3362 496 3427 ‘adeo
519 3384 621 3447 usque
644 3360 732 3427 dum'
757 3362 806 3428 ‘so
825 3363 920 3449 lange
943 3362 1059 3427 immor
1082 3360 1154 3426 bis'.

397 3593 533 3680 Legitur
557 3592 745 3668 adverbium
769 3592 916 3658 ‘interea'
940 3594 975 3658 in
998 3594 1220 3659 enuntiatione
1244 3594 1416 3660 subiuncta
1438 3593 1490 3659 his
1514 3594 1608 3660 locis:

307 3702 345 3767 B.
372 3701 479 3765 Plaut.
507 3699 605 3765 Most
637 3701 693 3785 713
719 3699 757 3765 E.
780 3699 887 3765 Plaut.
911 3699 1009 3765 Mero.
1034 3701 1111 3784 7783
1135 3698 1172 3765 G.
1196 3700 1267 3765 Ter.
1290 3700 1387 3766 Phor.
1411 3702 1466 3767 91:
1489 3701 1524 3765 in
1546 3702 1609 3786 pri-

309 3808 412 3873 maria
442 3807 508 3872 his:
539 3806 578 3876 Ε.
605 3806 710 3872 Plaut.
744 3807 834 3872 Asin.
862 3808 941 3891 914,
973 3806 1038 3871 Ino.
1066 3806 1127 3872 inc.
1157 3807 1222 3873 fab.
1250 3832 1278 3872 v.
1308 3809 1372 3873 170
1399 3808 1437 3873 a.
1466 3805 1608 3894 (Fragm.

308 3912 434 4001 Ἕως),
458 3913 496 3979 G.
518 3914 625 3979 Plaut.
648 3913 766 3998 Amph.
795 3914 887 3999 1098,
911 3913 982 3978 Ter.
1005 3913 1087 4003 Eun.
1107 3914 1181 3999 255,
1203 3915 1279 4000 592,
1300 3914 1418 3980 Heaut.
1442 3916 1517 4000 242,
1535 3915 1609 3997 257,

310 4022 404 4087 Varr.
428 4020 512 4086 Men.
535 4020 672 4105 Endym.
696 4020 747 4084 HI
763 4017 812 4108 (6)
832 4020 948 4105 Buch.;
971 4019 1011 4085 H.
1030 4020 1101 4085 Ter.
1120 4021 1179 4086 Ad.
1201 4023 1273 4107 785,
1296 4022 1379 4087 Eun.
1399 4024 1472 4106 894,
1490 4021 1608 4087 Heaut.

310 4128 385 4213 833,
408 4127 501 4194 Varr.
525 4126 599 4193 lter.
622 4126 856 4212 ω31.1,’2,2.

309 4289 522 4300 *-

399 4395 425 4461 1)
444 4391 504 4446 Nec
531 4392 614 4447 aliter
641 4393 740 4447 eadem
767 4391 902 4446 adverbia
929 4392 959 4445 in
982 4393 1118 4447 ambobus
1143 4392 1382 4448 enuntiationibus
1405 4397 1552 4449 occurrunt
1572 4395 1610 4450 'in

310 4480 444 4550 exemplis
463 4480 507 4535 his
526 4481 701 4537 Theodiscis:
723 4481 801 4536 ‘Man
814 4482 961 4536 mummelt
980 4499 1014 4536 so
1033 4482 1115 4551 lang
1133 4499 1187 4536 von
1206 4480 1296 4537 ciuem
1313 4481 1389 4551 Ding
1407 4482 1478 4536 biso
1497 4500 1527 4538 es
1546 4501 1608 4538 aus-

309 4570 422 4640 brieht,’
442 4570 574 4641 Agricola
588 4574 648 4625 459.
676 4570 811 4626 Daselbst
825 4571 910 4625 auch:
931 4571 1014 4626 ‘biss
1029 4588 1064 4626 so
1079 4570 1204 4640 langas
1219 4570 1384 4627 ausbricht'.
1413 4572 1621 4642 (Vernaleken.

309 4660 370 4716 l..
463 4705 469 4716 .
543 4705 548 4715 .

347 4678 363 4716 ⁰
389 4660 429 4820 [5)
442 4664 585 4822 IApiitlairt
601 4748 723 4818 litterae,
742 4749 797 4803 nisi
815 4749 914 4804 addito
933 4741 1035 4819 eapitis
1054 4767 1177 4819 numero,
1196 4766 1291 4805 omnes
1310 4751 1348 4805 ad
1365 4754 1453 4820 eaput
1469 4751 1516 4807 ΙΠ.
