3609 5509
900 419 1113 484 „30-

350 598 501 662 imbrices
525 600 558 661 et
581 596 719 683 tegulas,
741 596 793 660 Ibi
816 596 893 660 dum
917 597 1110 682 condignam
1129 602 1161 660 te
1185 600 1329 661 sectatus
1354 596 1493 659 simiam’
1516 632 1557 640 -
1580 595 1664 659 ‘see-

350 703 451 769 tatus'
476 702 603 791 (sectat'
620 700 660 789 O)
674 702 702 767 B
718 702 743 768 G
759 702 802 787 D,
827 702 986 769 ‘sectaris'
1010 703 1036 767 F
1053 703 1076 766 Z
1100 708 1133 767 et
1153 702 1282 768 Servius
1307 704 1347 767 ad
1371 702 1489 787 Georg.
1503 701 1564 787 IV,
1579 703 1665 785 2963

350 810 519 877 ‘sectatus'
539 811 755 876 Ribbeckius:
779 834 852 876 cum
871 811 983 875 Brixio
1008 809 1058 896 (cf.
1082 831 1160 892 qaue
1181 811 1263 875 dixit
1284 812 1327 874 ud
1348 809 1460 894 111111)
1484 808 1663 873 ‘sectatus'

351 919 554 983 retinendum
587 940 657 982 esse
689 919 802 1002 putavi
829 943 883 1001 -3
917 915 1019 982 Stich.
1052 916 1117 981 630
1149 915 1247 981 ‘Dum
1279 916 1442 1000 parasitus
1474 915 1519 978 mi
1558 919 1664 998 atque

350 1025 447 1090 fratri
483 1025 593 1110 fuisti,
630 1047 698 1089 rem
736 1023 980 1109 confregimus’3
1017 1024 1088 1087 Ter.
1120 1024 1202 1088 And.
1233 1024 1297 1089 832
1330 1021 1461 1107 ‘incepi
1497 1024 1576 1086 dum
1610 1045 1665 1086 res

351 1131 483 1197 tetulit’.

440 1345 501 1434 Vis
525 1347 665 1413 sentitur
687 1349 835 1414 mateolis:
863 1346 957 1413 Varr.
981 1345 1030 1411 De
1053 1345 1132 1432 ling.
1159 1345 1216 1410 111.
1238 1342 1319 1430 VH,
1347 1346 1390 1410 82
1418 1344 1555 1408 ‘imitari
1580 1344 1666 1409 dum

351 1454 456 1520 voluit
469 1455 648 1540 Euripiden
671 1460 704 1520 et
727 1477 846 1540 ponere
871 1457 1002 1539 ἔτυμον,
1025 1458 1077 1518 est
1099 1452 1235 1538 lapsus’3
1260 1450 1494 1536 1111111111,
1517 1451 1666 1534 praefi2

352 1561 450 1646 ‘quod
464 1563 541 1627 dum
555 1567 764 1628 servaverunt
772 1564 977 1652 institutum,
992 1566 1165 1645 utrumque
1181 1565 1257 1624 sunt
1272 1560 1445 1643 consecuti,
1461 1556 1508 1621 ut'
1524 1581 1551 1622 e.
1568 1581 1601 1642 q.
1620 1582 1666 1623 s..

442 1774 562 1862 Semel,
593 1777 628 1841 ni
659 1776 771 1861 fallor,
804 1779 912 1840 exstat
943 1773 1123 1859 perfectum
1155 1796 1322 1858 praesens:
1355 1773 1452 1859 Turp.
1475 1795 1504 1837 v.
1530 1773 1596 1837 173
1625 1771 1669 1837 R.

352 1883 452 1949 ‘Dum
476 1906 537 1971 ego
561 1884 668 1949 conixi
692 1906 814 1967 somno,
837 1884 891 1949 hic
915 1883 977 1947 sibi
1000 1882 1168 1966 prospexit
1191 1882 1330 1967 vigilans
1353 1878 1534 1965 virginem’.

985 2315 1022 2389 C.

356 2521 537 2578 constituit
555 2520 741 2577 enuntiatio
765 2521 949 2578 subiuncta
972 2518 1214 2575 enuntiationis
1232 2518 1409 2589 primariae
1427 2517 1624 2575 terminum
1632 2510 1671 2596 ¹).

991 2711 1014 2773 1.

692 2867 800 2923 Exstat
818 2866 1004 2921 indicativus
1022 2865 1151 2935 perfecti
1171 2865 1322 2920 historici.

444 3048 603 3133 Exempla
626 3055 715 3114 sunt:
740 3048 816 3113 sali.
840 3047 927 3113 Hist.
946 3048 971 3131 Ι,
992 3049 1033 3112 10
1056 3045 1232 3133 (Dietsch.)
1256 3046 1353 3111 ‘Nam
1377 3046 1512 3110 iniuriae
1537 3049 1675 3114 valido—

356 3180 428 3220 rum
436 3208 554 3220 ......
562 3158 650 3222 domi
673 3156 762 3221 fuere
785 3157 851 3220 iam
875 3156 948 3220 inde
973 3178 992 3218 a
1014 3155 1174 3239 principio
1197 3176 1301 3238 neque
1325 3154 1464 3238 amplius
1489 3176 1591 3237 quam
1618 3180 1674 3221 11

355 3265 451 3349 gibus
476 3264 606 3342 exactis,
630 3265 706 3328 dum
730 3268 835 3328 metus
860 3288 879 3327 a
901 3262 1078 3347 Tarquinio
1102 3267 1135 3326 et
1159 3262 1281 3326 bellum
1304 3283 1401 3346 grave
1426 3283 1498 3324 cum
1521 3261 1674 3328 Etruria

355 3371 500 3455 positum
523 3374 587 3450 est,
611 3394 714 3455 aequo
737 3375 770 3435 et
794 3370 941 3435 modesto
964 3370 1033 3434 iure
1057 3367 1239 3454 agitatum'.

445 3584 682 3650 Gorroboratur
705 3581 804 3649 ‘dum'
829 3582 981 3649 adverbio
1006 3581 1139 3668 ‘usque'.

445 3798 563 3864 Oatull.
586 3795 713 3883 XLIV,
739 3800 779 3863 14
812 3798 886 3864 ‘Hic
919 3820 970 3863 me
999 3798 1138 3883 gravedo
1166 3796 1286 3882 frigida
1313 3802 1346 3861 et
1373 3796 1528 3881 frequens·
1555 3799 1666 3865 tussis

357 3904 544 3989 Quassavit‚
567 3928 669 3989 usque
693 3908 769 3970 dum
792 3906 827 3969 in
850 3911 943 3969 tuum
967 3906 1073 3969 sinum
1096 3903 1186 3990 fugi'.

445 4118 674 4187 Coniunctioni
697 4121 893 4204 respondent
917 4120 1069 4184 adverbia
1092 4117 1205 4204 ‘usque
1229 4117 1329 4184 adeo'.

446 4334 480 4400 C.
505 4333 612 4418 Semp.
637 4333 772 4400 Gracch.
795 4334 891 4420 frgm.
919 4335 939 4399 6
964 4331 1097 4421 (Meyer.
1123 4331 1212 4398 Orat.
1235 4329 1335 4398 Rom.'
1352 4331 1495 4420 Fragm.7
1523 4357 1554 4419 p.
1578 4336 1661 4422 236)

356 4441 526 4527 struppis,
560 4443 677 4525 quibus
704 4443 819 4507 lectica
847 4442 989 4527 deligata
1017 4445 1100 4523 erat,
1133 4463 1233 4524 usque
1261 4441 1341 4505 adeo
1364 4441 1528 4505 verberari
1551 4442 1659 4542 iussit,

356 4549 433 4613 dum
456 4549 598 4613 animam
621 4548 765 4613 efflavit’.

446 4801 472 4869 1)
492 4795 634 4867 Originem
652 4794 735 4850 huius
755 4814 820 4850 usus
840 4795 953 4851 omnino
972 4796 1024 4850 sub
1042 4793 1076 4851 H.
1098 4801 1169 4867 (cap.
1189 4793 1248 4867 ΠΙ.)
1268 4791 1425 4865 explanavi.
